,seqNum,date,time,askPrice5,askPrice4,askPrice3,askPrice2,askPrice1,bidPrice1,bidPrice2,bidPrice3,bidPrice4,bidPrice5,askSize5,askSize4,askSize3,askSize2,askSize1,bidSize1,bidSize2,bidSize3,bidSize4,bidSize5,deriveFlag,deriveBuyPrice,deriveSellPrice,deriveBuyQty,deriveSellQty
0,2849,2019-04-01,84500084,25050,25000,24950,24900,24850,24800,24750,24700,24650,24600,38,39,69,70,72,44,54,65,55,53,1,0,0,0,0
1,3385,2019-04-01,84500108,25050,25000,24950,24900,24850,24800,24750,24700,24650,24600,38,39,69,70,72,44,54,65,55,53,1,0,24850,0,18
2,4058,2019-04-01,84500940,25050,25000,24950,24900,24850,24800,24750,24700,24650,24600,38,39,69,70,67,44,54,65,55,53,1,0,24850,0,18
3,4153,2019-04-01,84501190,25050,25000,24950,24900,24850,24800,24750,24700,24650,24600,38,39,69,70,67,44,54,65,55,53,1,0,24850,0,18
4,4284,2019-04-01,84501440,25050,25000,24950,24900,24850,24800,24750,24700,24650,24600,38,39,74,70,68,48,51,65,55,53,1,0,24850,0,18
5,4481,2019-04-01,84501940,25050,25000,24950,24900,24850,24800,24750,24700,24650,24600,38,39,79,70,68,48,51,65,55,53,1,0,24850,0,12
6,4576,2019-04-01,84502315,25050,25000,24950,24900,24850,24800,24750,24700,24650,24600,38,39,84,70,68,48,51,65,55,53,1,0,24850,0,12
7,4635,2019-04-01,84502565,25050,25000,24950,24900,24850,24800,24750,24700,24650,24600,38,39,84,70,68,48,51,65,55,53,1,0,24850,0,12
8,4663,2019-04-01,84502690,25050,25000,24950,24900,24850,24800,24750,24700,24650,24600,38,39,89,70,68,48,51,65,55,53,1,0,24850,0,12
9,4739,2019-04-01,84503065,25050,25000,24950,24900,24850,24800,24750,24700,24650,24600,38,39,94,70,68,48,51,65,55,53,1,0,24850,0,12
10,4875,2019-04-01,84503815,25050,25000,24950,24900,24850,24800,24750,24700,24650,24600,38,39,69,70,68,48,51,65,55,53,1,0,24850,0,12
11,4989,2019-04-01,84504315,25050,25000,24950,24900,24850,24800,24750,24700,24650,24600,38,39,69,70,68,48,51,65,55,53,1,0,24850,0,12
12,5467,2019-04-01,84506315,25050,25000,24950,24900,24850,24800,24750,24700,24650,24600,38,39,69,70,68,48,51,65,55,53,1,0,24850,0,12
13,5495,2019-04-01,84506440,25050,25000,24950,24900,24850,24800,24750,24700,24650,24600,38,39,69,70,68,68,51,65,55,53,1,0,24850,0,12
14,5580,2019-04-01,84506815,25050,25000,24950,24900,24850,24800,24750,24700,24650,24600,38,39,69,70,68,68,71,65,55,53,1,0,24850,0,12
15,5624,2019-04-01,84507065,25050,25000,24950,24900,24850,24800,24750,24700,24650,24600,38,39,69,70,68,68,71,65,55,53,1,0,24850,0,18
16,5730,2019-04-01,84507690,25050,25000,24950,24900,24850,24800,24750,24700,24650,24600,38,39,69,70,68,68,71,65,55,53,1,0,24850,0,24
17,5853,2019-04-01,84508440,25050,25000,24950,24900,24850,24800,24750,24700,24650,24600,38,39,69,69,68,68,71,65,55,53,1,0,24850,0,24
18,5981,2019-04-01,84509315,25050,25000,24950,24900,24850,24800,24750,24700,24650,24600,38,39,69,69,68,74,71,65,55,53,1,0,24850,0,24
19,6027,2019-04-01,84509565,25050,25000,24950,24900,24850,24800,24750,24700,24650,24600,38,39,69,69,68,74,74,65,55,53,1,0,24850,0,24
20,6119,2019-04-01,84510065,25050,25000,24950,24900,24850,24800,24750,24700,24650,24600,38,39,69,69,68,74,74,65,55,53,1,0,24850,0,24
21,6541,2019-04-01,84512565,25050,25000,24950,24900,24850,24800,24750,24700,24650,24600,38,44,69,69,68,74,74,65,55,53,1,0,24850,0,24
22,6597,2019-04-01,84512940,25050,25000,24950,24900,24850,24800,24750,24700,24650,24600,38,49,69,69,68,74,74,65,55,53,1,0,24850,0,24
23,6613,2019-04-01,84513065,25050,25000,24950,24900,24850,24800,24750,24700,24650,24600,38,49,69,69,68,74,74,65,55,52,1,0,24850,0,24
24,6645,2019-04-01,84513315,25050,25000,24950,24900,24850,24800,24750,24700,24650,24600,38,54,69,69,68,74,74,65,55,52,1,0,24850,0,24
25,6682,2019-04-01,84513565,25050,25000,24950,24900,24850,24800,24750,24700,24650,24600,38,54,69,69,68,74,74,65,55,52,1,24650,24850,1,24
26,6710,2019-04-01,84513690,25050,25000,24950,24900,24850,24800,24750,24700,24650,24600,38,59,69,69,68,74,74,65,55,52,1,24650,24850,1,24
27,6738,2019-04-01,84513815,25050,25000,24950,24900,24850,24800,24750,24700,24650,24600,38,59,69,69,68,74,74,65,55,52,1,24650,24850,1,24
28,6776,2019-04-01,84514065,25050,25000,24950,24900,24850,24800,24750,24700,24650,24600,38,64,69,69,68,74,74,65,55,52,1,24650,24850,1,24
29,6811,2019-04-01,84514315,25050,25000,24950,24900,24850,24800,24750,24700,24650,24600,38,65,69,69,68,74,74,65,55,52,1,24650,24850,1,24
30,6908,2019-04-01,84514940,25050,25000,24950,24900,24850,24800,24750,24700,24650,24600,38,45,69,69,68,74,74,65,55,52,1,24650,24850,1,24
31,6930,2019-04-01,84515065,25050,25000,24950,24900,24850,24800,24750,24700,24650,24600,38,40,69,69,68,74,74,65,55,52,1,24650,24850,1,24
32,7130,2019-04-01,84516440,25050,25000,24950,24900,24850,24800,24750,24700,24650,24600,38,40,69,69,68,74,74,65,55,52,1,24650,24850,1,24
33,7259,2019-04-01,84517190,25050,25000,24950,24900,24850,24800,24750,24700,24650,24600,38,40,69,69,68,74,74,65,55,52,1,24650,24850,1,24
34,7471,2019-04-01,84518440,25050,25000,24950,24900,24850,24800,24750,24700,24650,24600,38,40,69,69,68,74,74,65,55,52,1,24650,24850,1,12
35,7556,2019-04-01,84518940,25050,25000,24950,24900,24850,24800,24750,24700,24650,24600,38,40,69,69,68,74,74,65,55,52,1,24650,24850,1,12
36,7645,2019-04-01,84519565,25050,25000,24950,24900,24850,24800,24750,24700,24650,24600,38,40,69,49,68,74,74,65,55,52,1,24650,24850,1,12
37,7711,2019-04-01,84519940,25050,25000,24950,24900,24850,24800,24750,24700,24650,24600,38,40,69,49,68,74,74,65,55,52,1,24650,24850,1,12
38,8424,2019-04-01,84524565,25050,25000,24950,24900,24850,24800,24750,24700,24650,24600,38,40,69,49,68,74,74,65,55,52,1,24650,24850,1,12
39,8459,2019-04-01,84524815,25050,25000,24950,24900,24850,24800,24750,24700,24650,24600,36,40,69,49,68,74,74,65,55,52,1,24650,24850,1,12
40,8600,2019-04-01,84525690,25050,25000,24950,24900,24850,24800,24750,24700,24650,24600,36,40,69,49,72,74,74,65,55,52,1,24650,24850,1,12
41,8858,2019-04-01,84527315,25050,25000,24950,24900,24850,24800,24750,24700,24650,24600,36,40,69,49,72,74,74,65,55,52,1,24650,24850,1,12
42,8991,2019-04-01,84528065,25050,25000,24950,24900,24850,24800,24750,24700,24650,24600,36,40,69,50,72,74,74,65,55,52,1,24650,24850,1,12
43,9123,2019-04-01,84528940,25050,25000,24950,24900,24850,24800,24750,24700,24650,24600,36,40,69,50,72,74,74,65,55,52,1,24650,24850,1,12
44,9381,2019-04-01,84530690,25050,25000,24950,24900,24850,24800,24750,24700,24650,24600,36,41,68,50,72,74,74,65,55,52,1,24650,24850,1,12
45,9408,2019-04-01,84530815,25050,25000,24950,24900,24850,24800,24750,24700,24650,24600,36,41,73,50,72,74,74,65,55,52,1,24650,24850,1,12
46,9468,2019-04-01,84531190,25050,25000,24950,24900,24850,24800,24750,24700,24650,24600,36,41,78,50,72,74,74,65,55,52,1,24650,24850,1,12
47,9505,2019-04-01,84531565,25050,25000,24950,24900,24850,24800,24750,24700,24650,24600,36,41,83,50,72,74,74,65,55,52,1,24650,24850,1,12
48,9552,2019-04-01,84531940,25050,25000,24950,24900,24850,24800,24750,24700,24650,24600,36,41,88,50,72,74,74,65,55,52,1,24650,24850,1,12
49,9606,2019-04-01,84532315,25050,25000,24950,24900,24850,24800,24750,24700,24650,24600,36,41,93,50,72,74,74,65,55,52,1,24650,24850,1,12
50,9765,2019-04-01,84533565,25050,25000,24950,24900,24850,24800,24750,24700,24650,24600,36,41,93,50,72,75,74,65,55,52,1,24650,24850,1,12
51,9819,2019-04-01,84533940,25050,25000,24950,24900,24850,24800,24750,24700,24650,24600,36,41,68,50,72,75,74,65,55,52,1,24650,24850,1,12
52,9898,2019-04-01,84534440,25050,25000,24950,24900,24850,24800,24750,24700,24650,24600,36,41,68,60,72,75,74,65,55,52,1,24650,24850,1,12
53,10456,2019-04-01,84538190,25050,25000,24950,24900,24850,24800,24750,24700,24650,24600,36,41,68,60,72,75,74,65,55,52,1,24650,24850,1,12
54,10517,2019-04-01,84538565,25050,25000,24950,24900,24850,24800,24750,24700,24650,24600,36,41,68,60,60,75,74,65,55,52,1,24650,24850,1,12
55,10780,2019-04-01,84540315,25050,25000,24950,24900,24850,24800,24750,24700,24650,24600,36,41,68,48,60,75,74,65,55,52,1,24650,24850,1,12
56,10840,2019-04-01,84540690,25050,25000,24950,24900,24850,24800,24750,24700,24650,24600,36,41,56,48,60,75,74,65,55,52,1,24650,24850,1,12
57,10987,2019-04-01,84541565,25050,25000,24950,24900,24850,24800,24750,24700,24650,24600,36,41,56,48,60,75,74,66,55,52,1,24650,24850,1,12
58,11023,2019-04-01,84541815,25050,25000,24950,24900,24850,24800,24750,24700,24650,24600,36,41,56,48,60,75,74,66,55,52,1,24650,24850,1,11
59,11045,2019-04-01,84541940,25050,25000,24950,24900,24850,24800,24750,24700,24650,24600,36,41,56,48,59,75,74,66,55,52,1,24650,24850,1,11
60,11148,2019-04-01,84542690,25050,25000,24950,24900,24850,24800,24750,24700,24650,24600,36,41,56,48,59,75,74,66,55,52,1,24650,24850,1,11
61,11163,2019-04-01,84542815,25050,25000,24950,24900,24850,24800,24750,24700,24650,24600,36,46,56,48,59,75,74,66,55,52,1,24650,24850,1,11
62,11181,2019-04-01,84542940,25050,25000,24950,24900,24850,24800,24750,24700,24650,24600,36,46,56,48,60,75,74,66,55,52,1,24650,24850,1,11
63,11223,2019-04-01,84543190,25050,25000,24950,24900,24850,24800,24750,24700,24650,24600,36,51,56,48,60,75,74,66,55,52,1,24650,24850,1,6
64,11266,2019-04-01,84543565,25050,25000,24950,24900,24850,24800,24750,24700,24650,24600,36,56,56,48,60,75,74,66,55,52,1,24650,24850,1,6
65,11318,2019-04-01,84543940,25050,25000,24950,24900,24850,24800,24750,24700,24650,24600,36,61,56,48,60,75,74,66,55,52,1,24650,24850,1,6
66,11350,2019-04-01,84544190,25050,25000,24950,24900,24850,24800,24750,24700,24650,24600,36,61,56,48,46,75,74,66,55,52,1,24650,24900,1,27
67,11365,2019-04-01,84544315,25050,25000,24950,24900,24850,24800,24750,24700,24650,24600,36,66,56,48,46,75,74,66,55,52,1,24650,24900,1,27
68,11444,2019-04-01,84544815,25050,25000,24950,24900,24850,24800,24750,24700,24650,24600,36,66,56,48,34,75,74,66,55,52,1,24650,24900,1,27
69,11470,2019-04-01,84544940,25050,25000,24950,24900,24850,24800,24750,24700,24650,24600,36,66,56,48,33,75,74,66,55,52,1,24650,24900,1,27
70,11554,2019-04-01,84545440,25050,25000,24950,24900,24850,24800,24750,24700,24650,24600,36,51,56,48,33,75,74,66,55,52,1,24650,24900,1,27
71,11571,2019-04-01,84545565,25050,25000,24950,24900,24850,24800,24750,24700,24650,24600,36,41,56,48,29,75,74,66,55,52,1,24650,24900,1,27
72,11765,2019-04-01,84546940,25050,25000,24950,24900,24850,24800,24750,24700,24650,24600,36,41,56,48,29,85,74,66,55,52,1,24650,24900,1,27
73,11785,2019-04-01,84547065,25050,25000,24950,24900,24850,24800,24750,24700,24650,24600,36,41,56,48,29,95,74,66,55,52,1,24650,24900,1,27
74,11804,2019-04-01,84547190,25050,25000,24950,24900,24850,24800,24750,24700,24650,24600,36,41,56,48,29,95,74,66,55,52,1,24650,24900,1,27
75,11852,2019-04-01,84547440,25050,25000,24950,24900,24850,24800,24750,24700,24650,24600,36,41,56,48,29,100,74,66,55,52,1,24650,24900,1,27
76,11871,2019-04-01,84547565,25050,25000,24950,24900,24850,24800,24750,24700,24650,24600,36,41,56,48,29,100,84,66,55,52,1,24650,24900,1,27
77,11899,2019-04-01,84547690,25050,25000,24950,24900,24850,24800,24750,24700,24650,24600,36,41,56,48,29,100,94,66,55,52,1,24650,24900,1,27
78,11962,2019-04-01,84548190,25050,25000,24950,24900,24850,24800,24750,24700,24650,24600,37,41,56,48,29,100,94,66,55,52,1,24650,24900,1,27
79,11982,2019-04-01,84548315,25050,25000,24950,24900,24850,24800,24750,24700,24650,24600,37,41,56,48,30,100,94,66,55,52,1,24650,24900,1,27
80,12069,2019-04-01,84548940,25050,25000,24950,24900,24850,24800,24750,24700,24650,24600,37,41,56,47,30,100,94,66,55,52,1,24650,24900,1,27
81,12255,2019-04-01,84550440,25050,25000,24950,24900,24850,24800,24750,24700,24650,24600,37,41,56,47,29,100,94,66,55,52,1,24650,24900,1,27
82,12503,2019-04-01,84552315,25050,25000,24950,24900,24850,24800,24750,24700,24650,24600,37,41,56,47,29,101,94,66,55,52,1,24650,24900,1,27
83,12538,2019-04-01,84552565,25050,25000,24950,24900,24850,24800,24750,24700,24650,24600,37,41,56,47,29,101,94,66,55,52,1,24650,24900,1,35
84,12727,2019-04-01,84553815,25050,25000,24950,24900,24850,24800,24750,24700,24650,24600,37,41,56,47,29,101,94,66,55,52,1,24650,24900,1,35
85,12766,2019-04-01,84554065,25050,25000,24950,24900,24850,24800,24750,24700,24650,24600,37,41,56,47,29,101,94,66,55,52,1,24650,24900,1,37
86,12800,2019-04-01,84554315,25050,25000,24950,24900,24850,24800,24750,24700,24650,24600,37,41,56,47,29,101,94,66,55,52,1,24650,24900,1,39
87,12992,2019-04-01,84555440,25050,25000,24950,24900,24850,24800,24750,24700,24650,24600,37,41,56,47,29,101,94,66,55,52,1,24650,24900,1,39
88,13009,2019-04-01,84555565,25050,25000,24950,24900,24850,24800,24750,24700,24650,24600,37,41,56,47,29,101,94,66,55,52,1,24650,24900,1,39
89,13045,2019-04-01,84555815,25050,25000,24950,24900,24850,24800,24750,24700,24650,24600,37,41,56,47,32,101,94,66,55,52,1,24650,24900,1,39
90,13393,2019-04-01,84558065,25050,25000,24950,24900,24850,24800,24750,24700,24650,24600,37,41,56,47,31,100,94,66,55,52,1,24650,24900,1,39
91,13476,2019-04-01,84558690,25050,25000,24950,24900,24850,24800,24750,24700,24650,24600,37,41,56,47,31,100,94,66,55,52,1,24650,24900,1,39
92,13497,2019-04-01,84558815,25050,25000,24950,24900,24850,24800,24750,24700,24650,24600,37,41,56,47,31,100,94,66,55,52,1,24650,24900,1,38
93,13527,2019-04-01,84558940,25050,25000,24950,24900,24850,24800,24750,24700,24650,24600,37,41,56,47,31,100,94,66,55,52,1,24650,24900,1,35
94,14051,2019-04-01,84601690,25050,25000,24950,24900,24850,24800,24750,24700,24650,24600,37,41,56,47,31,100,94,66,55,52,1,24650,24900,1,35
95,14272,2019-04-01,84602815,25050,25000,24950,24900,24850,24800,24750,24700,24650,24600,37,41,56,47,31,100,94,66,55,52,1,24650,24900,1,35
96,14298,2019-04-01,84602940,25050,25000,24950,24900,24850,24800,24750,24700,24650,24600,37,41,56,47,31,100,94,66,55,52,1,24650,24900,1,35
97,14397,2019-04-01,84603315,25050,25000,24950,24900,24850,24800,24750,24700,24650,24600,37,41,56,47,31,100,94,66,55,52,1,24650,24900,1,35
98,14437,2019-04-01,84603440,25050,25000,24950,24900,24850,24800,24750,24700,24650,24600,37,41,56,47,31,100,94,66,55,52,1,24650,24900,1,35
99,14474,2019-04-01,84603690,25050,25000,24950,24900,24850,24800,24750,24700,24650,24600,37,41,56,47,31,100,94,66,55,52,1,24650,24900,1,35
100,14544,2019-04-01,84604065,25050,25000,24950,24900,24850,24800,24750,24700,24650,24600,37,41,56,47,31,100,94,66,55,52,1,24650,24900,1,35
101,14605,2019-04-01,84604440,25050,25000,24950,24900,24850,24800,24750,24700,24650,24600,37,41,56,47,31,95,94,66,55,52,1,24650,24900,1,35
102,14663,2019-04-01,84604815,25050,25000,24950,24900,24850,24800,24750,24700,24650,24600,37,41,56,47,31,95,94,66,55,52,1,24650,24900,1,23
103,14952,2019-04-01,84606565,25050,25000,24950,24900,24850,24800,24750,24700,24650,24600,37,41,56,47,31,95,94,66,55,52,1,24650,24900,1,23
104,15038,2019-04-01,84607065,25050,25000,24950,24900,24850,24800,24750,24700,24650,24600,37,41,56,47,31,95,94,66,55,52,1,24650,24900,1,23
105,15062,2019-04-01,84607190,25050,25000,24950,24900,24850,24800,24750,24700,24650,24600,37,41,56,47,31,95,94,66,55,52,1,24650,24900,1,23
106,15525,2019-04-01,84609815,25050,25000,24950,24900,24850,24800,24750,24700,24650,24600,37,41,56,47,31,95,94,66,55,52,1,24650,24900,1,23
107,15551,2019-04-01,84609940,25050,25000,24950,24900,24850,24800,24750,24700,24650,24600,37,41,56,47,37,95,94,66,55,52,1,24650,24900,1,23
108,15593,2019-04-01,84610190,25050,25000,24950,24900,24850,24800,24750,24700,24650,24600,37,41,56,47,43,95,94,66,55,52,1,24650,24900,1,23
109,15764,2019-04-01,84611190,25050,25000,24950,24900,24850,24800,24750,24700,24650,24600,37,41,56,47,40,92,94,66,55,52,1,24650,24900,1,23
110,16013,2019-04-01,84612565,25050,25000,24950,24900,24850,24800,24750,24700,24650,24600,37,41,56,46,40,92,94,66,55,52,1,24650,24900,1,23
111,16475,2019-04-01,84615690,25050,25000,24950,24900,24850,24800,24750,24700,24650,24600,37,41,56,46,40,92,94,66,55,52,1,24650,24900,1,33
112,16524,2019-04-01,84615940,25050,25000,24950,24900,24850,24800,24750,24700,24650,24600,37,41,56,46,40,92,94,66,55,52,1,24650,24900,1,43
113,16571,2019-04-01,84616315,25050,25000,24950,24900,24850,24800,24750,24700,24650,24600,37,41,56,46,40,92,94,66,55,52,1,24650,24900,1,43
114,17115,2019-04-01,84619940,25050,25000,24950,24900,24850,24800,24750,24700,24650,24600,37,41,56,46,40,92,94,66,55,52,1,24650,24900,1,43
115,17136,2019-04-01,84620065,25050,25000,24950,24900,24850,24800,24750,24700,24650,24600,37,41,56,46,40,92,94,66,55,52,1,24650,24900,1,43
116,17184,2019-04-01,84620440,25050,25000,24950,24900,24850,24800,24750,24700,24650,24600,37,41,56,46,40,92,94,66,55,52,1,24650,24900,1,43
117,17409,2019-04-01,84622065,25050,25000,24950,24900,24850,24800,24750,24700,24650,24600,37,41,56,46,40,92,94,66,55,52,1,24650,24900,1,43
118,17556,2019-04-01,84623065,25050,25000,24950,24900,24850,24800,24750,24700,24650,24600,37,41,56,46,38,92,94,66,55,52,1,24650,24900,1,43
119,17664,2019-04-01,84623690,25050,25000,24950,24900,24850,24800,24750,24700,24650,24600,37,41,56,46,38,92,94,66,55,52,1,24650,24900,1,43
120,17772,2019-04-01,84624440,25050,25000,24950,24900,24850,24800,24750,24700,24650,24600,37,41,56,46,38,92,94,66,55,52,1,24650,24900,2,43
121,17916,2019-04-01,84625440,25050,25000,24950,24900,24850,24800,24750,24700,24650,24600,37,41,56,46,38,92,94,66,55,52,1,24650,24900,2,43
122,17950,2019-04-01,84625690,25050,25000,24950,24900,24850,24800,24750,24700,24650,24600,37,41,56,46,38,92,94,66,55,52,1,24650,24900,2,43
123,18547,2019-04-01,84629940,25050,25000,24950,24900,24850,24800,24750,24700,24650,24600,37,41,56,46,38,92,94,66,55,52,1,24650,24900,2,43
124,18693,2019-04-01,84630940,25050,25000,24950,24900,24850,24800,24750,24700,24650,24600,37,41,56,49,38,92,94,66,55,52,1,24650,24900,2,43
125,18751,2019-04-01,84631315,25050,25000,24950,24900,24850,24800,24750,24700,24650,24600,37,41,56,49,38,92,94,66,55,52,1,24650,24900,2,43
126,18799,2019-04-01,84631565,25050,25000,24950,24900,24850,24800,24750,24700,24650,24600,37,41,56,49,38,92,94,66,55,52,1,24650,24900,2,43
127,18873,2019-04-01,84632065,25050,25000,24950,24900,24850,24800,24750,24700,24650,24600,37,41,56,49,38,92,94,66,55,52,1,24650,24900,2,43
128,18935,2019-04-01,84632565,25050,25000,24950,24900,24850,24800,24750,24700,24650,24600,37,41,56,49,38,92,94,66,55,52,1,24650,24900,2,43
129,19414,2019-04-01,84635440,25050,25000,24950,24900,24850,24800,24750,24700,24650,24600,37,41,56,49,38,92,94,66,55,52,1,24650,24900,2,43
130,19940,2019-04-01,84638940,25050,25000,24950,24900,24850,24800,24750,24700,24650,24600,37,41,56,49,38,92,94,51,55,52,1,24650,24900,2,43
131,19958,2019-04-01,84639065,25050,25000,24950,24900,24850,24800,24750,24700,24650,24600,37,41,56,49,38,93,94,51,55,52,1,24650,24900,2,43
132,20123,2019-04-01,84640065,25050,25000,24950,24900,24850,24800,24750,24700,24650,24600,37,41,56,49,38,93,94,51,55,52,1,24650,24900,2,43
133,20194,2019-04-01,84640440,25050,25000,24950,24900,24850,24800,24750,24700,24650,24600,37,41,56,49,38,93,94,51,55,52,1,24650,24900,2,43
134,20235,2019-04-01,84640690,25050,25000,24950,24900,24850,24800,24750,24700,24650,24600,37,41,56,49,38,93,94,51,55,52,1,24650,24900,2,43
135,20272,2019-04-01,84640940,25050,25000,24950,24900,24850,24800,24750,24700,24650,24600,37,41,56,49,38,93,94,51,55,52,1,24650,24900,2,43
136,20326,2019-04-01,84641315,25050,25000,24950,24900,24850,24800,24750,24700,24650,24600,37,41,56,49,38,93,94,51,55,52,1,24650,24900,2,43
137,20549,2019-04-01,84642565,25050,25000,24950,24900,24850,24800,24750,24700,24650,24600,37,41,56,49,38,78,94,51,55,52,1,24650,24900,2,43
138,20616,2019-04-01,84643065,25050,25000,24950,24900,24850,24800,24750,24700,24650,24600,37,41,56,49,38,78,94,51,55,52,1,24650,24900,2,43
139,20649,2019-04-01,84643190,25050,25000,24950,24900,24850,24800,24750,24700,24650,24600,37,41,56,49,38,78,94,51,55,52,1,24650,24900,2,43
140,20786,2019-04-01,84644065,25050,25000,24950,24900,24850,24800,24750,24700,24650,24600,37,41,56,49,38,78,94,51,55,52,1,24650,24850,2,3
141,21003,2019-04-01,84645440,25050,25000,24950,24900,24850,24800,24750,24700,24650,24600,37,41,56,49,38,78,94,51,55,52,1,24650,24850,2,5
142,21039,2019-04-01,84645690,25050,25000,24950,24900,24850,24800,24750,24700,24650,24600,37,41,56,49,38,78,94,51,55,52,1,24650,24850,2,7
143,21342,2019-04-01,84647815,25050,25000,24950,24900,24850,24800,24750,24700,24650,24600,37,41,56,49,38,79,94,51,55,52,1,24650,24850,2,7
144,21581,2019-04-01,84649315,25050,25000,24950,24900,24850,24800,24750,24700,24650,24600,37,41,56,49,38,79,94,51,55,52,1,24650,24850,2,7
145,22415,2019-04-01,84653815,25050,25000,24950,24900,24850,24800,24750,24700,24650,24600,37,41,56,49,26,79,94,51,55,52,1,24650,24850,2,7
146,22532,2019-04-01,84654565,25050,25000,24950,24900,24850,24800,24750,24700,24650,24600,37,41,56,49,26,79,94,51,55,52,1,24650,24850,2,7
147,22550,2019-04-01,84654690,25050,25000,24950,24900,24850,24800,24750,24700,24650,24600,37,41,56,49,26,79,94,51,55,52,1,24650,24850,2,7
148,22677,2019-04-01,84655440,25050,25000,24950,24900,24850,24800,24750,24700,24650,24600,37,41,56,50,26,79,94,51,55,52,1,24650,24850,2,7
149,23266,2019-04-01,84659315,25050,25000,24950,24900,24850,24800,24750,24700,24650,24600,37,41,56,50,26,79,94,51,55,52,1,24650,24850,2,7
150,23317,2019-04-01,84659565,25050,25000,24950,24900,24850,24800,24750,24700,24650,24600,37,41,56,50,26,79,94,51,55,52,1,24650,24850,2,7
151,23847,2019-04-01,84702815,25050,25000,24950,24900,24850,24800,24750,24700,24650,24600,37,41,56,50,26,79,94,51,55,52,1,24650,24850,2,7
152,23919,2019-04-01,84703315,25050,25000,24950,24900,24850,24800,24750,24700,24650,24600,37,42,56,50,26,79,94,51,55,52,1,24650,24850,2,7
153,24098,2019-04-01,84704315,25050,25000,24950,24900,24850,24800,24750,24700,24650,24600,37,42,56,50,26,79,94,61,55,52,1,24650,24850,2,7
154,24123,2019-04-01,84704440,25050,25000,24950,24900,24850,24800,24750,24700,24650,24600,37,42,56,50,26,79,94,71,55,52,1,24650,24850,2,7
155,24173,2019-04-01,84704940,25050,25000,24950,24900,24850,24800,24750,24700,24650,24600,37,42,56,50,26,79,94,71,65,52,1,24650,24850,2,7
156,24198,2019-04-01,84705190,25050,25000,24950,24900,24850,24800,24750,24700,24650,24600,37,42,56,50,26,79,94,71,75,52,1,24650,24850,2,7
157,24278,2019-04-01,84705815,25050,25000,24950,24900,24850,24800,24750,24700,24650,24600,37,42,56,50,26,79,94,71,75,52,1,24650,24850,2,6
158,24318,2019-04-01,84706065,25050,25000,24950,24900,24850,24800,24750,24700,24650,24600,37,42,56,50,26,59,94,71,75,52,1,24650,24850,2,6
159,24436,2019-04-01,84706690,25050,25000,24950,24900,24850,24800,24750,24700,24650,24600,37,42,56,50,26,58,94,71,75,52,1,24650,24850,2,6
160,24490,2019-04-01,84706940,25050,25000,24950,24900,24850,24800,24750,24700,24650,24600,37,42,56,50,26,58,94,71,75,52,1,24650,24850,2,6
161,24511,2019-04-01,84707065,25050,25000,24950,24900,24850,24800,24750,24700,24650,24600,37,42,56,50,26,58,94,71,75,52,1,24650,24850,2,6
162,24552,2019-04-01,84707315,25050,25000,24950,24900,24850,24800,24750,24700,24650,24600,37,42,56,50,26,58,94,71,75,52,1,24650,24850,2,6
163,24570,2019-04-01,84707440,25050,25000,24950,24900,24850,24800,24750,24700,24650,24600,37,42,56,50,26,58,94,71,75,52,1,24650,24850,2,6
164,24607,2019-04-01,84707690,25050,25000,24950,24900,24850,24800,24750,24700,24650,24600,37,42,56,50,26,58,94,71,75,52,1,24650,24850,2,6
165,24621,2019-04-01,84707815,25050,25000,24950,24900,24850,24800,24750,24700,24650,24600,37,42,56,50,26,58,94,71,75,52,1,24650,24850,2,6
166,24741,2019-04-01,84708815,25050,25000,24950,24900,24850,24800,24750,24700,24650,24600,37,42,56,50,26,58,94,71,75,52,1,24650,24850,2,6
167,24758,2019-04-01,84708940,25050,25000,24950,24900,24850,24800,24750,24700,24650,24600,37,42,56,50,26,58,94,71,75,52,1,24650,24850,2,6
168,25028,2019-04-01,84710690,25050,25000,24950,24900,24850,24800,24750,24700,24650,24600,37,42,56,50,26,58,94,71,75,52,1,24650,24850,2,16
169,25049,2019-04-01,84710815,25050,25000,24950,24900,24850,24800,24750,24700,24650,24600,37,42,56,50,26,58,94,71,75,52,1,24650,24850,2,26
170,25069,2019-04-01,84710940,25050,25000,24950,24900,24850,24800,24750,24700,24650,24600,37,42,56,50,26,58,94,71,75,52,1,24650,24850,2,26
171,25166,2019-04-01,84711690,25050,25000,24950,24900,24850,24800,24750,24700,24650,24600,37,42,56,50,36,58,94,71,75,52,1,24650,24850,2,26
172,25185,2019-04-01,84711815,25050,25000,24950,24900,24850,24800,24750,24700,24650,24600,37,42,56,50,46,58,94,71,75,52,1,24650,24850,2,26
173,25334,2019-04-01,84712815,25050,25000,24950,24900,24850,24800,24750,24700,24650,24600,37,42,56,50,46,58,94,71,75,52,1,24650,24850,2,28
174,25375,2019-04-01,84713065,25050,25000,24950,24900,24850,24800,24750,24700,24650,24600,37,42,56,50,46,58,94,71,75,52,1,24650,24850,2,30
175,25428,2019-04-01,84713440,25050,25000,24950,24900,24850,24800,24750,24700,24650,24600,37,42,58,50,46,58,94,71,75,52,1,24650,24850,2,30
176,25463,2019-04-01,84713690,25050,25000,24950,24900,24850,24800,24750,24700,24650,24600,37,42,58,50,56,58,94,71,75,52,1,24650,24850,2,30
177,25527,2019-04-01,84714065,25050,25000,24950,24900,24850,24800,24750,24700,24650,24600,37,42,60,50,56,58,94,71,75,52,1,24650,24850,2,30
178,25589,2019-04-01,84714565,25050,25000,24950,24900,24850,24800,24750,24700,24650,24600,37,42,62,50,56,58,94,71,75,52,1,24650,24850,2,30
179,25647,2019-04-01,84714940,25050,25000,24950,24900,24850,24800,24750,24700,24650,24600,37,42,64,50,56,58,94,71,75,52,1,24650,24850,2,30
180,25668,2019-04-01,84715065,25050,25000,24950,24900,24850,24800,24750,24700,24650,24600,37,42,64,50,56,58,94,71,75,52,1,24650,24850,2,32
181,25703,2019-04-01,84715315,25050,25000,24950,24900,24850,24800,24750,24700,24650,24600,37,42,66,50,56,58,94,71,75,52,1,24650,24850,2,32
182,25729,2019-04-01,84715565,25050,25000,24950,24900,24850,24800,24750,24700,24650,24600,37,42,68,50,56,57,94,71,75,52,1,24650,24850,2,32
183,25796,2019-04-01,84715940,25050,25000,24950,24900,24850,24800,24750,24700,24650,24600,37,42,70,50,56,57,94,71,75,52,1,24650,24850,2,32
184,25847,2019-04-01,84716190,25050,25000,24950,24900,24850,24800,24750,24700,24650,24600,37,42,70,50,56,57,94,71,75,52,1,24650,24850,2,44
185,25869,2019-04-01,84716440,25050,25000,24950,24900,24850,24800,24750,24700,24650,24600,37,42,72,50,56,57,94,71,75,52,1,24650,24850,2,44
186,25913,2019-04-01,84716815,25050,25000,24950,24900,24850,24800,24750,24700,24650,24600,37,42,74,50,56,57,94,71,75,52,1,24650,24850,2,44
187,25961,2019-04-01,84717190,25050,25000,24950,24900,24850,24800,24750,24700,24650,24600,37,42,76,50,56,57,94,71,75,52,1,24650,24850,2,44
188,26019,2019-04-01,84717565,25050,25000,24950,24900,24850,24800,24750,24700,24650,24600,37,42,78,50,56,57,94,71,75,52,1,24650,24850,2,44
189,26049,2019-04-01,84717815,25050,25000,24950,24900,24850,24800,24750,24700,24650,24600,37,42,78,50,57,57,94,71,75,52,1,24650,24850,2,44
190,26069,2019-04-01,84717940,25050,25000,24950,24900,24850,24800,24750,24700,24650,24600,37,42,80,50,57,57,94,71,75,52,1,24650,24850,2,44
191,26091,2019-04-01,84718190,25050,25000,24950,24900,24850,24800,24750,24700,24650,24600,37,42,82,50,57,57,94,71,75,52,1,24650,24850,2,44
192,26253,2019-04-01,84719440,25050,25000,24950,24900,24850,24800,24750,24700,24650,24600,37,42,82,50,57,57,94,71,75,52,1,24650,24850,2,44
193,26274,2019-04-01,84719690,25050,25000,24950,24900,24850,24800,24750,24700,24650,24600,37,42,64,50,57,57,94,71,75,52,1,24650,24850,2,44
194,26290,2019-04-01,84719815,25050,25000,24950,24900,24850,24800,24750,24700,24650,24600,37,42,56,50,57,57,94,71,75,52,1,24650,24850,2,44
195,26619,2019-04-01,84721940,25050,25000,24950,24900,24850,24800,24750,24700,24650,24600,37,42,56,50,57,57,94,71,75,52,1,24650,24850,2,44
196,26694,2019-04-01,84722440,25050,25000,24950,24900,24850,24800,24750,24700,24650,24600,37,42,56,50,57,57,94,71,75,52,1,24650,24850,2,43
197,26890,2019-04-01,84723940,25050,25000,24950,24900,24850,24800,24750,24700,24650,24600,37,42,56,50,57,57,94,71,75,52,1,24650,24850,2,43
198,26998,2019-04-01,84724565,25050,25000,24950,24900,24850,24800,24750,24700,24650,24600,37,42,56,50,57,57,94,71,75,52,1,24650,24850,2,49
199,27027,2019-04-01,84724690,25050,25000,24950,24900,24850,24800,24750,24700,24650,24600,37,42,56,50,57,57,94,71,75,52,1,24650,24850,2,55
200,27060,2019-04-01,84724815,25050,25000,24950,24900,24850,24800,24750,24700,24650,24600,37,42,56,50,57,57,94,71,75,52,1,24650,24850,2,55
201,27080,2019-04-01,84724940,25050,25000,24950,24900,24850,24800,24750,24700,24650,24600,37,42,56,50,57,57,94,71,75,52,1,24650,24850,2,55
202,27110,2019-04-01,84725190,25050,25000,24950,24900,24850,24800,24750,24700,24650,24600,37,42,56,50,57,57,94,71,75,52,1,24650,24850,2,55
203,27128,2019-04-01,84725315,25050,25000,24950,24900,24850,24800,24750,24700,24650,24600,37,42,56,50,57,57,94,71,75,52,1,24650,24850,2,55
204,27164,2019-04-01,84725565,25050,25000,24950,24900,24850,24800,24750,24700,24650,24600,37,42,56,50,57,37,94,71,75,52,1,24650,24850,2,55
205,27194,2019-04-01,84725815,25050,25000,24950,24900,24850,24800,24750,24700,24650,24600,37,42,56,50,57,34,94,71,75,52,1,24650,24850,2,55
206,27212,2019-04-01,84725940,25050,25000,24950,24900,24850,24800,24750,24700,24650,24600,37,42,56,50,57,33,94,71,75,52,1,24650,24850,2,55
207,27229,2019-04-01,84726190,25050,25000,24950,24900,24850,24800,24750,24700,24650,24600,37,42,56,50,57,33,94,71,75,52,1,24650,24850,2,55
208,27688,2019-04-01,84729565,25050,25000,24950,24900,24850,24800,24750,24700,24650,24600,37,42,56,50,57,27,95,71,75,52,1,24650,24850,2,55
209,27722,2019-04-01,84729815,25050,25000,24950,24900,24850,24800,24750,24700,24650,24600,37,42,56,50,57,27,95,71,75,52,1,24650,24850,2,55
210,27793,2019-04-01,84730190,25050,25000,24950,24900,24850,24800,24750,24700,24650,24600,37,42,56,50,57,27,95,71,75,52,1,24650,24850,2,54
211,27819,2019-04-01,84730315,25050,25000,24950,24900,24850,24800,24750,24700,24650,24600,37,42,56,50,57,28,95,71,75,52,1,24650,24850,2,54
212,27990,2019-04-01,84731315,25050,25000,24950,24900,24850,24800,24750,24700,24650,24600,37,42,56,50,57,28,95,71,75,52,1,24650,24850,2,54
213,28052,2019-04-01,84731815,25050,25000,24950,24900,24850,24800,24750,24700,24650,24600,37,42,56,50,67,28,95,71,75,52,1,24650,24850,2,54
214,28193,2019-04-01,84732690,25050,25000,24950,24900,24850,24800,24750,24700,24650,24600,37,42,56,50,54,15,95,71,75,52,1,24650,24850,2,54
215,28215,2019-04-01,84732815,25050,25000,24950,24900,24850,24800,24750,24700,24650,24600,37,42,56,50,54,14,95,71,75,52,1,24650,24850,2,54
216,28271,2019-04-01,84733190,25050,25000,24950,24900,24850,24800,24750,24700,24650,24600,37,42,56,50,54,8,95,71,75,52,1,24650,24850,2,54
217,28290,2019-04-01,84733315,25000,24950,24900,24850,24800,24750,24700,24650,24600,24550,42,56,50,54,6,95,71,75,52,51,1,24650,24850,2,54
218,28311,2019-04-01,84733440,25000,24950,24900,24850,24800,24750,24700,24650,24600,24550,42,56,50,54,13,96,71,75,52,51,1,24650,24850,2,54
219,28489,2019-04-01,84734565,25000,24950,24900,24850,24800,24750,24700,24650,24600,24550,42,56,50,54,13,76,71,75,52,51,1,24650,24850,2,54
220,28549,2019-04-01,84734940,25000,24950,24900,24850,24800,24750,24700,24650,24600,24550,42,56,50,54,13,76,71,75,52,51,1,24650,24850,2,54
221,28574,2019-04-01,84735065,25000,24950,24900,24850,24800,24750,24700,24650,24600,24550,42,56,50,54,13,76,71,75,62,51,1,24650,24850,2,54
222,28586,2019-04-01,84735190,25000,24950,24900,24850,24800,24750,24700,24650,24600,24550,42,56,50,54,13,76,71,75,72,51,1,24650,24850,2,54
223,28630,2019-04-01,84735440,25000,24950,24900,24850,24800,24750,24700,24650,24600,24550,42,56,50,59,18,76,71,75,72,51,1,24650,24850,2,54
224,28676,2019-04-01,84735690,25000,24950,24900,24850,24800,24750,24700,24650,24600,24550,42,56,50,59,18,76,71,75,72,61,1,24650,24850,2,54
225,28699,2019-04-01,84735815,25000,24950,24900,24850,24800,24750,24700,24650,24600,24550,42,56,50,59,18,76,71,75,72,71,1,24650,24850,2,54
226,28847,2019-04-01,84736565,25000,24950,24900,24850,24800,24750,24700,24650,24600,24550,42,56,50,59,18,76,71,75,72,71,1,24650,24850,2,64
227,28878,2019-04-01,84736815,25000,24950,24900,24850,24800,24750,24700,24650,24600,24550,42,56,50,59,18,76,71,75,72,71,1,24650,24850,2,64
228,29005,2019-04-01,84737815,25000,24950,24900,24850,24800,24750,24700,24650,24600,24550,42,56,50,64,18,76,71,75,72,71,1,24650,24850,2,64
229,29026,2019-04-01,84737940,25000,24950,24900,24850,24800,24750,24700,24650,24600,24550,42,56,50,64,18,76,71,75,72,71,1,24650,24850,2,64
230,29106,2019-04-01,84738440,25000,24950,24900,24850,24800,24750,24700,24650,24600,24550,42,56,47,67,18,76,71,75,72,71,1,24650,24850,2,64
231,29189,2019-04-01,84739190,25000,24950,24900,24850,24800,24750,24700,24650,24600,24550,42,56,47,67,18,73,74,75,72,71,1,24650,24850,2,64
232,29212,2019-04-01,84739315,25000,24950,24900,24850,24800,24750,24700,24650,24600,24550,42,56,47,67,18,73,74,75,72,71,1,24650,24850,2,64
233,29224,2019-04-01,84739440,25000,24950,24900,24850,24800,24750,24700,24650,24600,24550,42,56,47,67,18,73,74,75,72,71,1,24650,24850,2,64
234,29351,2019-04-01,84740440,25000,24950,24900,24850,24800,24750,24700,24650,24600,24550,42,56,47,67,18,72,74,75,72,71,1,24650,24850,2,64
235,29639,2019-04-01,84742815,25000,24950,24900,24850,24800,24750,24700,24650,24600,24550,42,56,47,67,18,72,74,75,72,71,1,24650,24850,2,64
236,29690,2019-04-01,84743315,25000,24950,24900,24850,24800,24750,24700,24650,24600,24550,42,56,47,68,18,72,74,75,72,71,1,24650,24850,2,64
237,29735,2019-04-01,84743690,25000,24950,24900,24850,24800,24750,24700,24650,24600,24550,42,56,47,68,18,72,74,75,72,71,1,24650,24850,3,64
238,29850,2019-04-01,84744440,25000,24950,24900,24850,24800,24750,24700,24650,24600,24550,42,56,47,68,18,73,74,75,72,71,1,24650,24850,3,64
239,29888,2019-04-01,84744940,25000,24950,24900,24850,24800,24750,24700,24650,24600,24550,42,56,47,68,18,73,74,75,72,71,1,24650,24850,3,64
240,29970,2019-04-01,84745690,25000,24950,24900,24850,24800,24750,24700,24650,24600,24550,42,56,47,68,18,73,74,75,72,71,1,24650,24850,3,70
241,29997,2019-04-01,84745815,25000,24950,24900,24850,24800,24750,24700,24650,24600,24550,42,56,47,68,18,73,74,75,72,71,1,24650,24850,3,70
242,30034,2019-04-01,84746065,25000,24950,24900,24850,24800,24750,24700,24650,24600,24550,42,56,47,68,18,73,74,75,72,71,1,24650,24850,3,70
243,30472,2019-04-01,84748940,25000,24950,24900,24850,24800,24750,24700,24650,24600,24550,42,56,47,68,18,73,74,75,72,71,1,24650,24850,3,70
244,30762,2019-04-01,84750815,25000,24950,24900,24850,24800,24750,24700,24650,24600,24550,42,56,47,68,18,73,74,75,72,71,1,24650,24850,2,70
245,30989,2019-04-01,84752440,25000,24950,24900,24850,24800,24750,24700,24650,24600,24550,42,56,47,68,18,73,74,75,72,71,1,24650,24850,2,70
246,31065,2019-04-01,84752940,25000,24950,24900,24850,24800,24750,24700,24650,24600,24550,42,56,47,68,18,73,75,75,72,71,1,24650,24850,2,70
247,31235,2019-04-01,84754190,25000,24950,24900,24850,24800,24750,24700,24650,24600,24550,42,56,47,68,18,73,75,75,72,71,1,24650,24850,2,70
248,31345,2019-04-01,84754940,25000,24950,24900,24850,24800,24750,24700,24650,24600,24550,42,56,47,68,18,73,75,75,72,71,1,24650,24850,2,70
249,31367,2019-04-01,84755065,25000,24950,24900,24850,24800,24750,24700,24650,24600,24550,42,56,47,68,18,73,75,75,72,71,1,24650,24850,2,70
250,31534,2019-04-01,84756690,25000,24950,24900,24850,24800,24750,24700,24650,24600,24550,42,56,47,68,18,73,75,75,72,71,1,24650,24850,2,70
251,31622,2019-04-01,84757440,25000,24950,24900,24850,24800,24750,24700,24650,24600,24550,42,56,47,68,18,73,75,75,72,71,1,24650,24850,2,70
252,31659,2019-04-01,84757815,25000,24950,24900,24850,24800,24750,24700,24650,24600,24550,42,56,47,68,18,73,75,75,72,71,1,24650,24850,2,70
253,31797,2019-04-01,84758815,25000,24950,24900,24850,24800,24750,24700,24650,24600,24550,42,56,47,68,17,73,75,75,72,71,1,24650,24850,2,70
254,31834,2019-04-01,84759065,25000,24950,24900,24850,24800,24750,24700,24650,24600,24550,42,56,47,68,17,73,75,75,72,71,1,24650,24850,2,70
255,32030,2019-04-01,84800440,25000,24950,24900,24850,24800,24750,24700,24650,24600,24550,42,56,47,68,17,73,75,75,72,71,1,24650,24850,2,70
256,32138,2019-04-01,84801065,25000,24950,24900,24850,24800,24750,24700,24650,24600,24550,42,56,47,68,17,73,75,75,72,71,1,24650,24850,2,70
257,32203,2019-04-01,84801440,25000,24950,24900,24850,24800,24750,24700,24650,24600,24550,42,56,47,68,17,73,75,75,72,71,1,24700,24850,1,70
258,32365,2019-04-01,84802440,25000,24950,24900,24850,24800,24750,24700,24650,24600,24550,42,56,47,68,17,73,75,75,72,71,1,24700,24850,1,70
259,32496,2019-04-01,84803190,25000,24950,24900,24850,24800,24750,24700,24650,24600,24550,42,56,47,68,17,73,75,75,72,71,1,24700,24850,1,70
260,32547,2019-04-01,84803440,25000,24950,24900,24850,24800,24750,24700,24650,24600,24550,42,56,47,68,17,73,75,75,72,71,1,24700,24850,1,70
261,32602,2019-04-01,84803815,25000,24950,24900,24850,24800,24750,24700,24650,24600,24550,47,56,47,68,17,73,75,75,72,71,1,24700,24850,1,70
262,32700,2019-04-01,84804565,25000,24950,24900,24850,24800,24750,24700,24650,24600,24550,47,56,47,68,16,72,75,75,72,71,1,24700,24850,1,70
263,32726,2019-04-01,84804690,25000,24950,24900,24850,24800,24750,24700,24650,24600,24550,47,56,47,68,16,72,75,75,72,71,1,24700,24850,1,70
264,32836,2019-04-01,84805815,25000,24950,24900,24850,24800,24750,24700,24650,24600,24550,47,56,47,68,16,72,75,75,72,71,1,24700,24850,1,70
265,33125,2019-04-01,84808065,25000,24950,24900,24850,24800,24750,24700,24650,24600,24550,47,56,47,68,6,72,75,75,72,71,1,24700,24850,1,70
266,33150,2019-04-01,84808190,25000,24950,24900,24850,24800,24750,24700,24650,24600,24550,47,56,47,68,5,72,75,75,72,71,1,24700,24850,1,70
267,33179,2019-04-01,84808315,25000,24950,24900,24850,24800,24750,24700,24650,24600,24550,47,56,47,68,5,72,75,75,72,71,1,24700,24850,1,70
268,33226,2019-04-01,84808690,25000,24950,24900,24850,24800,24750,24700,24650,24600,24550,47,56,47,68,5,72,75,75,72,71,1,24700,24850,1,70
269,33251,2019-04-01,84808940,25000,24950,24900,24850,24800,24750,24700,24650,24600,24550,47,56,47,68,5,72,75,75,72,71,1,24700,24850,1,70
270,33277,2019-04-01,84809190,25000,24950,24900,24850,24800,24750,24700,24650,24600,24550,47,56,47,68,5,72,75,75,72,71,1,24700,24850,1,70
271,33289,2019-04-01,84809315,25050,25000,24950,24900,24850,24750,24700,24650,24600,24550,37,47,56,47,68,72,75,75,72,71,1,24700,24850,1,70
272,33313,2019-04-01,84809440,25050,25000,24950,24900,24850,24800,24750,24700,24650,24600,37,47,56,47,68,1,72,75,75,72,1,24700,24850,1,70
273,33364,2019-04-01,84809815,25000,24950,24900,24850,24800,24750,24700,24650,24600,24550,47,56,47,68,5,72,75,75,72,71,1,24700,24850,1,71
274,33388,2019-04-01,84809940,25000,24950,24900,24850,24800,24750,24700,24650,24600,24550,47,56,47,68,6,72,75,75,72,71,1,24700,24850,1,71
275,33448,2019-04-01,84810190,25000,24950,24900,24850,24800,24750,24700,24650,24600,24550,47,56,47,68,6,63,75,75,72,71,1,24700,24850,1,71
276,33485,2019-04-01,84810315,25000,24950,24900,24850,24800,24750,24700,24650,24600,24550,47,56,47,68,6,48,75,75,72,71,1,24650,24850,2,71
277,33592,2019-04-01,84810940,25000,24950,24900,24850,24800,24750,24700,24650,24600,24550,47,56,47,68,6,48,75,75,72,71,1,24650,24800,2,12
278,33610,2019-04-01,84811065,25000,24950,24900,24850,24800,24750,24700,24650,24600,24550,47,56,47,68,6,48,75,75,72,71,1,24650,24800,2,12
279,33632,2019-04-01,84811190,25000,24950,24900,24850,24800,24750,24700,24650,24600,24550,47,56,47,68,6,48,75,75,72,71,1,24650,24800,2,24
280,33656,2019-04-01,84811315,25000,24950,24900,24850,24800,24750,24700,24650,24600,24550,47,56,47,68,6,50,75,75,72,71,1,24650,24800,2,24
281,33679,2019-04-01,84811440,25000,24950,24900,24850,24800,24750,24700,24650,24600,24550,47,56,47,68,6,52,75,75,72,71,1,24650,24800,2,24
282,33694,2019-04-01,84811565,25000,24950,24900,24850,24800,24750,24700,24650,24600,24550,47,56,47,68,6,54,75,75,72,71,1,24650,24800,2,24
283,33721,2019-04-01,84811690,25000,24950,24900,24850,24800,24750,24700,24650,24600,24550,47,56,47,68,6,49,75,75,72,71,1,24650,24800,2,24
284,33833,2019-04-01,84812440,25000,24950,24900,24850,24800,24750,24700,24650,24600,24550,47,56,47,68,6,49,75,75,72,71,1,24650,24800,2,30
285,33883,2019-04-01,84812690,25000,24950,24900,24850,24800,24750,24700,24650,24600,24550,47,56,47,68,6,49,75,75,72,71,1,24650,24800,2,30
286,34169,2019-04-01,84815565,25000,24950,24900,24850,24800,24750,24700,24650,24600,24550,47,56,47,68,6,49,75,75,72,71,1,24650,24800,2,24
287,34346,2019-04-01,84817065,25000,24950,24900,24850,24800,24750,24700,24650,24600,24550,47,56,47,68,6,49,75,75,72,71,1,24650,24800,2,24
288,34416,2019-04-01,84817565,25000,24950,24900,24850,24800,24750,24700,24650,24600,24550,47,56,47,68,6,49,75,75,72,71,1,24650,24800,2,24
289,34708,2019-04-01,84819940,25000,24950,24900,24850,24800,24750,24700,24650,24600,24550,47,56,47,68,6,49,75,75,72,71,1,24650,24800,2,24
290,34731,2019-04-01,84820190,25000,24950,24900,24850,24800,24750,24700,24650,24600,24550,47,56,47,68,6,49,75,75,72,71,1,24650,24800,2,18
291,34881,2019-04-01,84821315,25000,24950,24900,24850,24800,24750,24700,24650,24600,24550,47,56,47,68,6,61,75,75,72,71,1,24650,24800,2,18
292,35126,2019-04-01,84823190,25000,24950,24900,24850,24800,24750,24700,24650,24600,24550,47,56,47,68,6,61,75,75,72,71,1,24650,24800,2,17
293,35140,2019-04-01,84823315,25000,24950,24900,24850,24800,24750,24700,24650,24600,24550,47,56,47,68,6,61,75,75,72,71,1,24650,24800,2,17
294,35559,2019-04-01,84827440,25000,24950,24900,24850,24800,24750,24700,24650,24600,24550,47,56,47,68,6,61,75,75,72,71,1,24650,24800,2,16
295,35588,2019-04-01,84828065,25000,24950,24900,24850,24800,24750,24700,24650,24600,24550,47,56,47,68,8,61,75,75,72,71,1,24650,24800,2,16
296,35650,2019-04-01,84828440,25000,24950,24900,24850,24800,24750,24700,24650,24600,24550,47,56,47,68,8,61,75,75,72,71,1,24650,24800,2,16
297,35787,2019-04-01,84829940,25000,24950,24900,24850,24800,24750,24700,24650,24600,24550,47,56,47,68,8,61,75,75,72,71,1,24650,24800,2,16
298,35973,2019-04-01,84831690,25000,24950,24900,24850,24800,24750,24700,24650,24600,24550,48,56,47,68,8,61,75,75,72,71,1,24650,24800,2,16
299,36096,2019-04-01,84832690,25000,24950,24900,24850,24800,24750,24700,24650,24600,24550,48,56,47,68,8,61,75,75,72,71,1,24650,24800,2,16
300,36129,2019-04-01,84833190,25000,24950,24900,24850,24800,24750,24700,24650,24600,24550,48,56,47,68,8,61,75,75,72,71,1,24650,24800,2,22
301,36197,2019-04-01,84833815,25000,24950,24900,24850,24800,24750,24700,24650,24600,24550,48,56,47,68,8,61,75,75,72,71,1,24650,24800,2,22
302,36265,2019-04-01,84834690,25000,24950,24900,24850,24800,24750,24700,24650,24600,24550,48,56,47,68,8,61,75,75,72,71,1,24650,24800,2,16
303,36384,2019-04-01,84836065,25000,24950,24900,24850,24800,24750,24700,24650,24600,24550,48,56,47,68,8,61,75,75,72,71,1,24650,24800,2,16
304,36409,2019-04-01,84836190,25000,24950,24900,24850,24800,24750,24700,24650,24600,24550,48,56,47,68,8,61,75,75,72,71,1,24650,24800,2,16
305,36457,2019-04-01,84836565,25000,24950,24900,24850,24800,24750,24700,24650,24600,24550,48,56,47,68,8,61,75,75,72,71,1,24650,24800,2,16
306,36528,2019-04-01,84837440,25000,24950,24900,24850,24800,24750,24700,24650,24600,24550,48,56,47,68,8,61,75,75,72,71,1,24650,24800,2,16
307,36598,2019-04-01,84837940,25000,24950,24900,24850,24800,24750,24700,24650,24600,24550,48,56,47,68,8,61,75,75,72,71,1,24650,24800,2,16
308,36839,2019-04-01,84839690,25000,24950,24900,24850,24800,24750,24700,24650,24600,24550,48,56,47,68,8,61,75,75,72,71,1,24650,24800,2,16
309,36896,2019-04-01,84840065,25000,24950,24900,24850,24800,24750,24700,24650,24600,24550,48,56,47,68,8,61,75,75,72,71,1,24650,24800,2,16
310,37145,2019-04-01,84841940,25000,24950,24900,24850,24800,24750,24700,24650,24600,24550,48,56,47,68,8,61,75,75,72,71,1,24650,24800,2,15
311,37163,2019-04-01,84842065,25000,24950,24900,24850,24800,24750,24700,24650,24600,24550,48,56,47,68,8,61,75,75,72,71,1,24650,24800,2,15
312,37237,2019-04-01,84842565,25000,24950,24900,24850,24800,24750,24700,24650,24600,24550,48,56,47,68,8,61,75,75,72,71,1,24650,24800,2,14
313,37276,2019-04-01,84842815,25000,24950,24900,24850,24800,24750,24700,24650,24600,24550,48,56,47,68,8,61,75,75,72,71,1,24650,24800,2,14
314,37496,2019-04-01,84844815,25000,24950,24900,24850,24800,24750,24700,24650,24600,24550,48,56,47,68,8,61,75,75,72,71,1,24650,24800,2,14
315,37515,2019-04-01,84844940,25000,24950,24900,24850,24800,24750,24700,24650,24600,24550,48,56,47,68,8,61,75,75,72,71,1,24650,24800,2,14
316,37914,2019-04-01,84847315,25000,24950,24900,24850,24800,24750,24700,24650,24600,24550,48,56,47,68,8,64,72,75,72,71,1,24650,24800,2,14
317,38022,2019-04-01,84847815,25000,24950,24900,24850,24800,24750,24700,24650,24600,24550,48,56,47,68,8,64,72,75,72,71,1,24650,24800,2,13
318,38117,2019-04-01,84848565,25000,24950,24900,24850,24800,24750,24700,24650,24600,24550,48,56,47,68,8,64,72,75,72,71,1,24650,24800,2,13
319,38599,2019-04-01,84852190,25000,24950,24900,24850,24800,24750,24700,24650,24600,24550,48,56,47,68,8,64,72,75,72,71,1,24650,24800,2,13
320,38697,2019-04-01,84853065,25000,24950,24900,24850,24800,24750,24700,24650,24600,24550,48,56,47,68,8,64,72,75,72,71,1,24650,24800,2,13
321,38709,2019-04-01,84853190,25000,24950,24900,24850,24800,24750,24700,24650,24600,24550,48,56,47,68,8,64,72,75,72,71,1,24650,24800,2,1
322,38726,2019-04-01,84853315,25000,24950,24900,24850,24800,24750,24700,24650,24600,24550,48,56,47,68,8,64,72,75,72,71,1,24650,24800,2,1
323,38860,2019-04-01,84854190,25000,24950,24900,24850,24800,24750,24700,24650,24600,24550,48,56,47,68,8,64,72,75,72,71,1,24650,24800,2,1
324,38878,2019-04-01,84854315,25000,24950,24900,24850,24800,24750,24700,24650,24600,24550,48,56,47,68,8,64,72,75,72,71,1,24750,24850,5,71
325,39014,2019-04-01,84855940,25000,24950,24900,24850,24800,24750,24700,24650,24600,24550,48,56,47,68,8,64,72,75,72,71,1,24650,24850,2,71
326,39103,2019-04-01,84856940,25000,24950,24900,24850,24800,24750,24700,24650,24600,24550,48,56,47,68,8,64,72,75,72,71,1,24650,24850,2,71
327,39148,2019-04-01,84857690,25000,24950,24900,24850,24800,24750,24700,24650,24600,24550,48,56,47,68,6,64,72,75,72,71,1,24650,24850,2,71
328,39170,2019-04-01,84857815,25000,24950,24900,24850,24800,24750,24700,24650,24600,24550,48,56,47,68,4,64,72,75,72,71,1,24650,24850,2,71
329,39196,2019-04-01,84857940,25000,24950,24900,24850,24800,24750,24700,24650,24600,24550,48,56,47,68,1,64,72,75,72,71,1,24650,24850,2,71
330,39380,2019-04-01,84859315,25050,25000,24950,24900,24850,24800,24750,24700,24650,24600,38,48,56,47,68,1,64,72,75,72,1,24650,24850,2,71
331,39393,2019-04-01,84859440,25050,25000,24950,24900,24850,24800,24750,24700,24650,24600,38,48,56,47,68,2,64,72,75,72,1,24650,24850,2,71
332,39537,2019-04-01,84900315,25050,25000,24950,24900,24850,24800,24750,24700,24650,24600,38,48,56,47,68,1,64,72,75,72,1,24750,24850,1,71
333,39590,2019-04-01,84900690,25050,25000,24950,24900,24850,24800,24750,24700,24650,24600,38,48,56,47,68,2,64,72,75,72,1,24750,24850,1,71
334,39792,2019-04-01,84902065,25050,25000,24950,24900,24850,24800,24750,24700,24650,24600,38,48,56,47,68,2,69,72,75,72,1,24750,24850,1,71
335,39960,2019-04-01,84903190,25050,25000,24950,24900,24850,24800,24750,24700,24650,24600,38,48,56,47,68,2,69,72,75,72,1,24750,24850,1,71
336,40187,2019-04-01,84904565,25050,25000,24950,24900,24850,24800,24750,24700,24650,24600,38,48,56,47,68,2,69,72,75,72,1,24750,24850,1,71
337,40459,2019-04-01,84906315,25050,25000,24950,24900,24850,24800,24750,24700,24650,24600,38,48,56,47,68,2,70,72,75,72,1,24750,24850,1,71
338,40620,2019-04-01,84906940,25050,25000,24950,24900,24850,24800,24750,24700,24650,24600,38,48,56,47,68,2,70,72,75,72,1,24750,24850,1,71
339,40673,2019-04-01,84907315,25050,25000,24950,24900,24850,24800,24750,24700,24650,24600,38,48,56,47,68,2,70,72,75,72,1,24650,24850,2,71
340,40696,2019-04-01,84907440,25050,25000,24950,24900,24850,24800,24750,24700,24650,24600,38,48,56,47,68,3,70,72,75,72,1,24650,24850,2,71
341,40883,2019-04-01,84909065,25050,25000,24950,24900,24850,24800,24750,24700,24650,24600,38,48,56,47,68,3,70,72,75,72,1,24650,24850,2,71
342,41027,2019-04-01,84909940,25050,25000,24950,24900,24850,24800,24750,24700,24650,24600,38,48,56,47,68,3,70,72,75,72,1,24650,24850,2,77
343,41179,2019-04-01,84910940,25050,25000,24950,24900,24850,24800,24750,24700,24650,24600,38,48,56,47,68,4,70,72,75,72,1,24650,24850,2,77
344,41212,2019-04-01,84911440,25050,25000,24950,24900,24850,24800,24750,24700,24650,24600,38,48,56,47,68,4,70,72,75,72,1,24650,24850,2,77
345,41380,2019-04-01,84913190,25050,25000,24950,24900,24850,24800,24750,24700,24650,24600,38,48,56,47,68,14,70,72,75,72,1,24650,24850,2,77
346,41865,2019-04-01,84916690,25050,25000,24950,24900,24850,24800,24750,24700,24650,24600,38,48,56,47,68,14,70,72,75,72,1,24650,24850,2,77
347,41882,2019-04-01,84916815,25050,25000,24950,24900,24850,24800,24750,24700,24650,24600,38,48,56,47,68,14,70,72,75,72,1,24650,24850,2,71
348,42108,2019-04-01,84918565,25050,25000,24950,24900,24850,24800,24750,24700,24650,24600,38,48,56,47,68,14,70,72,75,72,1,24650,24850,2,71
349,42118,2019-04-01,84918690,25050,25000,24950,24900,24850,24800,24750,24700,24650,24600,38,48,56,47,68,14,70,72,75,72,1,24650,24850,2,71
350,42146,2019-04-01,84918940,25050,25000,24950,24900,24850,24800,24750,24700,24650,24600,38,48,56,47,68,14,70,72,75,72,1,24650,24850,2,71
351,43081,2019-04-01,84925815,25050,25000,24950,24900,24850,24800,24750,24700,24650,24600,38,48,56,47,68,14,70,72,75,72,1,24650,24850,2,71
352,43215,2019-04-01,84926690,25050,25000,24950,24900,24850,24800,24750,24700,24650,24600,38,48,56,47,68,14,70,72,75,72,1,24650,24850,2,71
353,43815,2019-04-01,84931440,25050,25000,24950,24900,24850,24800,24750,24700,24650,24600,38,48,56,47,68,14,70,72,75,72,1,24650,24850,2,71
354,44049,2019-04-01,84933065,25050,25000,24950,24900,24850,24800,24750,24700,24650,24600,38,48,56,50,65,14,70,72,75,72,1,24650,24850,2,71
355,44129,2019-04-01,84933565,25050,25000,24950,24900,24850,24800,24750,24700,24650,24600,38,48,56,50,65,14,70,72,75,72,1,24650,24850,2,71
356,44193,2019-04-01,84934190,25050,25000,24950,24900,24850,24800,24750,24700,24650,24600,38,48,56,50,65,14,70,72,75,72,1,24650,24850,2,71
357,44388,2019-04-01,84936315,25050,25000,24950,24900,24850,24800,24750,24700,24650,24600,38,48,56,50,65,14,70,72,78,72,1,24650,24850,2,71
358,44470,2019-04-01,84936940,25050,25000,24950,24900,24850,24800,24750,24700,24650,24600,38,48,56,50,65,14,70,72,81,72,1,24650,24850,2,71
359,44531,2019-04-01,84937315,25050,25000,24950,24900,24850,24800,24750,24700,24650,24600,38,48,56,50,65,14,70,72,84,72,1,24650,24850,2,71
360,44584,2019-04-01,84937815,25050,25000,24950,24900,24850,24800,24750,24700,24650,24600,38,48,56,50,65,14,70,72,87,72,1,24650,24850,2,71
361,44627,2019-04-01,84938315,25050,25000,24950,24900,24850,24800,24750,24700,24650,24600,38,48,56,50,65,14,70,72,90,72,1,24650,24850,2,71
362,44677,2019-04-01,84938690,25050,25000,24950,24900,24850,24800,24750,24700,24650,24600,38,48,56,50,65,14,70,72,93,72,1,24650,24850,2,71
363,44731,2019-04-01,84938940,25050,25000,24950,24900,24850,24800,24750,24700,24650,24600,38,48,56,50,65,14,70,72,94,72,1,24650,24850,2,71
364,45164,2019-04-01,84942315,25050,25000,24950,24900,24850,24800,24750,24700,24650,24600,38,48,56,50,65,34,70,72,94,72,1,24650,24850,2,71
365,45325,2019-04-01,84943565,25050,25000,24950,24900,24850,24800,24750,24700,24650,24600,38,48,56,50,65,34,70,72,94,82,1,24650,24850,2,71
366,45359,2019-04-01,84943815,25050,25000,24950,24900,24850,24800,24750,24700,24650,24600,38,48,56,50,66,34,70,72,94,82,1,24650,24850,2,71
367,45514,2019-04-01,84945190,25050,25000,24950,24900,24850,24800,24750,24700,24650,24600,38,48,56,50,66,34,70,72,76,82,1,24650,24850,2,71
368,45658,2019-04-01,84947065,25050,25000,24950,24900,24850,24800,24750,24700,24650,24600,43,48,56,50,66,34,70,72,76,82,1,24650,24850,2,71
369,46248,2019-04-01,84952815,25050,25000,24950,24900,24850,24800,24750,24700,24650,24600,43,48,56,50,66,34,70,72,86,82,1,24650,24850,2,71
370,46356,2019-04-01,84953940,25050,25000,24950,24900,24850,24800,24750,24700,24650,24600,43,48,56,50,66,34,70,72,86,82,1,24650,24850,2,71
371,46651,2019-04-01,84956440,25050,25000,24950,24900,24850,24800,24750,24700,24650,24600,43,48,56,50,66,34,70,72,86,82,1,24650,24850,2,71
372,46732,2019-04-01,84957065,25050,25000,24950,24900,24850,24800,24750,24700,24650,24600,43,48,56,50,66,34,70,72,86,82,1,24650,24850,2,71
373,47018,2019-04-01,84959690,25050,25000,24950,24900,24850,24800,24750,24700,24650,24600,43,48,56,49,66,34,70,72,86,82,1,24650,24850,2,71
374,47127,2019-04-01,85000565,25050,25000,24950,24900,24850,24800,24750,24700,24650,24600,43,48,56,49,66,38,70,72,86,82,1,24650,24850,2,71
375,47487,2019-04-01,85002440,25050,25000,24950,24900,24850,24800,24750,24700,24650,24600,43,48,56,49,66,38,70,72,86,82,1,24650,24850,2,71
376,47989,2019-04-01,85006190,25050,25000,24950,24900,24850,24800,24750,24700,24650,24600,43,48,56,49,66,38,70,72,86,82,1,24650,24850,2,71
377,47996,2019-04-01,85006315,25050,25000,24950,24900,24850,24800,24750,24700,24650,24600,43,48,56,49,66,38,70,72,86,82,1,24650,24850,2,71
378,48381,2019-04-01,85008690,25050,25000,24950,24900,24850,24800,24750,24700,24650,24600,43,48,56,49,66,38,70,72,86,82,1,24650,24850,2,71
379,48409,2019-04-01,85008940,25050,25000,24950,24900,24850,24800,24750,24700,24650,24600,43,48,56,49,66,38,70,72,86,82,1,24650,24850,2,71
380,48587,2019-04-01,85010690,25050,25000,24950,24900,24850,24800,24750,24700,24650,24600,43,48,56,49,66,38,70,82,86,82,1,24650,24850,2,71
381,48739,2019-04-01,85011440,25050,25000,24950,24900,24850,24800,24750,24700,24650,24600,43,48,56,49,66,38,70,82,86,82,1,24650,24850,2,71
382,48786,2019-04-01,85011690,25050,25000,24950,24900,24850,24800,24750,24700,24650,24600,43,48,56,49,66,38,70,82,86,82,1,24650,24850,2,71
383,48988,2019-04-01,85013315,25050,25000,24950,24900,24850,24800,24750,24700,24650,24600,43,48,56,49,67,38,70,82,86,82,1,24650,24850,2,71
384,50594,2019-04-01,85025940,25050,25000,24950,24900,24850,24800,24750,24700,24650,24600,43,48,56,49,67,39,70,82,86,82,1,24650,24850,2,71
385,51268,2019-04-01,85033815,25050,25000,24950,24900,24850,24800,24750,24700,24650,24600,43,48,56,49,66,39,70,82,86,82,1,24650,24850,2,71
386,51307,2019-04-01,85034315,25050,25000,24950,24900,24850,24800,24750,24700,24650,24600,43,48,56,49,66,39,70,82,86,82,1,24650,24850,2,71
387,51340,2019-04-01,85034815,25050,25000,24950,24900,24850,24800,24750,24700,24650,24600,43,48,56,49,66,39,70,82,86,82,1,24650,24850,2,71
388,51406,2019-04-01,85035315,25050,25000,24950,24900,24850,24800,24750,24700,24650,24600,43,48,56,49,66,39,70,82,86,82,1,24650,24850,2,71
389,51698,2019-04-01,85038065,25050,25000,24950,24900,24850,24800,24750,24700,24650,24600,38,48,56,49,66,39,70,82,86,82,1,24650,24850,2,71
390,52969,2019-04-01,85048315,25050,25000,24950,24900,24850,24800,24750,24700,24650,24600,38,48,56,49,66,39,70,82,86,82,1,24650,24850,2,71
391,55653,2019-04-01,85107565,25050,25000,24950,24900,24850,24800,24750,24700,24650,24600,38,48,56,49,66,34,70,82,86,82,1,24650,24850,2,71
392,55671,2019-04-01,85107690,25050,25000,24950,24900,24850,24800,24750,24700,24650,24600,38,48,56,49,66,35,70,82,86,82,1,24650,24850,2,71
393,55718,2019-04-01,85108190,25050,25000,24950,24900,24850,24800,24750,24700,24650,24600,38,48,56,49,66,35,70,82,86,82,1,24650,24850,2,73
394,55861,2019-04-01,85109190,25050,25000,24950,24900,24850,24800,24750,24700,24650,24600,38,48,56,49,66,35,70,82,86,82,1,24650,24850,2,75
395,55979,2019-04-01,85110190,25050,25000,24950,24900,24850,24800,24750,24700,24650,24600,38,48,56,49,66,34,70,82,86,82,1,24650,24850,2,75
396,56793,2019-04-01,85117690,25050,25000,24950,24900,24850,24800,24750,24700,24650,24600,38,48,56,49,66,35,70,82,86,82,1,24650,24850,2,75
397,57165,2019-04-01,85121190,25050,25000,24950,24900,24850,24800,24750,24700,24650,24600,38,48,56,49,66,35,70,82,86,82,1,24650,24850,2,75
398,57241,2019-04-01,85121940,25050,25000,24950,24900,24850,24800,24750,24700,24650,24600,38,48,56,50,66,35,70,82,86,82,1,24650,24850,2,75
399,57756,2019-04-01,85126190,25050,25000,24950,24900,24850,24800,24750,24700,24650,24600,38,48,56,50,66,35,70,82,86,82,1,24650,24850,2,75
400,57941,2019-04-01,85127690,25050,25000,24950,24900,24850,24800,24750,24700,24650,24600,38,48,56,51,66,35,70,82,86,82,1,24650,24850,2,75
401,58094,2019-04-01,85128940,25050,25000,24950,24900,24850,24800,24750,24700,24650,24600,38,48,56,51,66,35,70,82,85,82,1,24650,24850,2,75
402,59560,2019-04-01,85140565,25050,25000,24950,24900,24850,24800,24750,24700,24650,24600,38,48,56,51,66,35,70,82,85,82,1,24650,24850,2,74
403,59727,2019-04-01,85141440,25050,25000,24950,24900,24850,24800,24750,24700,24650,24600,38,48,56,51,66,36,70,82,85,82,1,24650,24850,2,74
404,59854,2019-04-01,85142190,25050,25000,24950,24900,24850,24800,24750,24700,24650,24600,38,48,56,51,63,36,70,82,85,82,1,24650,24850,2,74
405,60284,2019-04-01,85144815,25050,25000,24950,24900,24850,24800,24750,24700,24650,24600,38,48,56,51,63,36,70,82,85,82,1,24650,24850,2,74
406,60467,2019-04-01,85146440,25050,25000,24950,24900,24850,24800,24750,24700,24650,24600,38,48,56,51,63,36,70,81,85,82,1,24650,24850,2,74
407,60688,2019-04-01,85148815,25050,25000,24950,24900,24850,24800,24750,24700,24650,24600,38,48,56,51,63,36,70,81,85,82,1,24650,24850,2,73
408,60996,2019-04-01,85151565,25050,25000,24950,24900,24850,24800,24750,24700,24650,24600,43,48,56,51,63,36,70,81,85,82,1,24650,24850,2,73
409,61034,2019-04-01,85151940,25050,25000,24950,24900,24850,24800,24750,24700,24650,24600,43,48,56,51,63,42,70,81,85,82,1,24650,24850,2,73
410,61209,2019-04-01,85153315,25050,25000,24950,24900,24850,24800,24750,24700,24650,24600,43,48,56,51,63,54,70,81,85,82,1,24650,24850,2,73
411,61593,2019-04-01,85156940,25050,25000,24950,24900,24850,24800,24750,24700,24650,24600,43,48,56,51,63,54,73,81,85,82,1,24650,24850,2,73
412,61669,2019-04-01,85157440,25050,25000,24950,24900,24850,24800,24750,24700,24650,24600,43,48,56,51,63,54,76,81,85,82,1,24650,24850,2,73
413,61714,2019-04-01,85157815,25050,25000,24950,24900,24850,24800,24750,24700,24650,24600,43,48,56,51,63,54,79,81,85,82,1,24650,24850,2,73
414,61775,2019-04-01,85158190,25050,25000,24950,24900,24850,24800,24750,24700,24650,24600,43,48,56,51,63,54,82,81,85,82,1,24650,24850,2,73
415,61819,2019-04-01,85158440,25050,25000,24950,24900,24850,24800,24750,24700,24650,24600,43,48,56,51,63,54,82,81,85,82,1,24650,24850,2,73
416,61846,2019-04-01,85158690,25050,25000,24950,24900,24850,24800,24750,24700,24650,24600,43,48,56,51,63,54,85,81,85,82,1,24650,24850,2,73
417,61885,2019-04-01,85159065,25050,25000,24950,24900,24850,24800,24750,24700,24650,24600,43,48,56,51,63,54,88,81,85,82,1,24650,24850,2,73
418,62210,2019-04-01,85201440,25050,25000,24950,24900,24850,24800,24750,24700,24650,24600,43,48,56,51,63,54,88,81,85,82,1,24650,24850,2,73
419,62242,2019-04-01,85201690,25050,25000,24950,24900,24850,24800,24750,24700,24650,24600,43,48,56,51,63,54,88,81,85,82,1,24650,24850,2,73
420,62274,2019-04-01,85201940,25050,25000,24950,24900,24850,24800,24750,24700,24650,24600,43,48,56,51,63,54,79,81,85,82,1,24650,24850,2,73
421,62291,2019-04-01,85202065,25050,25000,24950,24900,24850,24800,24750,24700,24650,24600,43,48,56,51,63,54,70,81,85,82,1,24650,24850,2,73
422,62779,2019-04-01,85205565,25050,25000,24950,24900,24850,24800,24750,24700,24650,24600,43,48,56,51,63,54,70,81,85,82,1,24650,24850,2,73
423,63041,2019-04-01,85207690,25050,25000,24950,24900,24850,24800,24750,24700,24650,24600,43,48,56,51,63,54,70,81,85,82,1,24650,24850,2,73
424,63526,2019-04-01,85210940,25050,25000,24950,24900,24850,24800,24750,24700,24650,24600,43,48,56,51,63,54,70,81,85,82,1,24650,24850,2,73
425,63609,2019-04-01,85211315,25050,25000,24950,24900,24850,24800,24750,24700,24650,24600,43,48,56,51,64,54,70,81,85,82,1,24650,24850,2,73
426,63795,2019-04-01,85212440,25050,25000,24950,24900,24850,24800,24750,24700,24650,24600,43,48,56,50,64,54,70,81,85,82,1,24650,24850,2,73
427,63939,2019-04-01,85213565,25050,25000,24950,24900,24850,24800,24750,24700,24650,24600,43,48,56,50,64,54,70,81,85,82,1,24650,24850,2,73
428,64119,2019-04-01,85214565,25050,25000,24950,24900,24850,24800,24750,24700,24650,24600,43,48,56,50,64,54,70,81,85,82,1,24650,24850,2,73
429,64161,2019-04-01,85214940,25050,25000,24950,24900,24850,24800,24750,24700,24650,24600,43,48,56,50,64,54,70,81,85,82,1,24650,24850,2,73
430,64210,2019-04-01,85215190,25050,25000,24950,24900,24850,24800,24750,24700,24650,24600,43,48,56,50,64,54,70,81,85,82,1,24650,24850,2,73
431,64319,2019-04-01,85215940,25050,25000,24950,24900,24850,24800,24750,24700,24650,24600,43,48,57,50,64,54,70,81,85,82,1,24650,24850,2,73
432,64570,2019-04-01,85217690,25050,25000,24950,24900,24850,24800,24750,24700,24650,24600,43,48,57,50,64,54,70,81,85,82,1,24650,24850,2,73
433,65083,2019-04-01,85221190,25050,25000,24950,24900,24850,24800,24750,24700,24650,24600,43,48,57,50,64,54,70,81,85,82,1,24650,24850,2,73
434,65165,2019-04-01,85221940,25050,25000,24950,24900,24850,24800,24750,24700,24650,24600,43,48,57,50,64,55,70,81,85,82,1,24650,24850,2,73
435,65180,2019-04-01,85222190,25050,25000,24950,24900,24850,24800,24750,24700,24650,24600,43,48,57,50,64,55,70,81,85,82,1,24650,24850,2,72
436,65313,2019-04-01,85223440,25050,25000,24950,24900,24850,24800,24750,24700,24650,24600,43,48,57,51,63,55,70,81,85,82,1,24650,24850,2,72
437,65353,2019-04-01,85223690,25050,25000,24950,24900,24850,24800,24750,24700,24650,24600,43,48,57,56,63,55,70,81,85,82,1,24650,24850,2,72
438,65466,2019-04-01,85224815,25050,25000,24950,24900,24850,24800,24750,24700,24650,24600,43,48,57,56,63,55,70,81,85,82,1,24650,24850,2,72
439,65478,2019-04-01,85224940,25050,25000,24950,24900,24850,24800,24750,24700,24650,24600,42,48,57,56,63,55,70,81,85,82,1,24650,24850,2,72
440,65736,2019-04-01,85227440,25050,25000,24950,24900,24850,24800,24750,24700,24650,24600,42,48,57,56,58,55,70,81,85,82,1,24650,24850,2,72
441,65761,2019-04-01,85227565,25050,25000,24950,24900,24850,24800,24750,24700,24650,24600,42,48,57,56,58,55,70,81,85,82,1,24650,24850,2,72
442,66440,2019-04-01,85234190,25050,25000,24950,24900,24850,24800,24750,24700,24650,24600,42,48,57,56,58,55,69,81,85,82,1,24650,24850,2,72
443,66592,2019-04-01,85235315,25050,25000,24950,24900,24850,24800,24750,24700,24650,24600,42,48,57,56,58,55,69,81,85,82,1,24650,24850,2,42
444,66613,2019-04-01,85235565,25050,25000,24950,24900,24850,24800,24750,24700,24650,24600,42,48,57,56,58,55,81,81,85,82,1,24650,24850,2,42
445,66814,2019-04-01,85237190,25050,25000,24950,24900,24850,24800,24750,24700,24650,24600,42,48,57,56,58,55,81,81,85,82,1,24650,24850,2,42
446,66869,2019-04-01,85237565,25050,25000,24950,24900,24850,24800,24750,24700,24650,24600,42,48,57,56,58,55,81,81,85,82,1,24650,24850,2,42
447,67203,2019-04-01,85239940,25050,25000,24950,24900,24850,24800,24750,24700,24650,24600,42,48,57,56,58,55,81,81,85,82,1,24650,24850,2,42
448,67275,2019-04-01,85240440,25050,25000,24950,24900,24850,24800,24750,24700,24650,24600,42,48,57,56,58,55,81,81,85,82,1,24650,24850,2,42
449,67302,2019-04-01,85240565,25050,25000,24950,24900,24850,24800,24750,24700,24650,24600,42,48,57,56,58,55,81,81,85,82,1,24650,24850,2,42
450,67661,2019-04-01,85243690,25050,25000,24950,24900,24850,24800,24750,24700,24650,24600,42,48,57,56,58,55,81,81,85,82,1,24650,24850,2,42
451,67687,2019-04-01,85243940,25050,25000,24950,24900,24850,24800,24750,24700,24650,24600,42,48,57,56,58,55,81,81,85,82,1,24650,24850,2,42
452,67709,2019-04-01,85244065,25050,25000,24950,24900,24850,24800,24750,24700,24650,24600,42,48,57,56,58,60,81,81,85,82,1,24650,24850,2,42
453,67765,2019-04-01,85244565,25050,25000,24950,24900,24850,24800,24750,24700,24650,24600,42,48,58,56,58,60,81,81,85,82,1,24650,24850,2,42
454,68025,2019-04-01,85246815,25050,25000,24950,24900,24850,24800,24750,24700,24650,24600,42,48,58,56,58,60,81,81,85,82,1,24650,24850,2,42
455,68104,2019-04-01,85247565,25050,25000,24950,24900,24850,24800,24750,24700,24650,24600,42,48,58,56,58,60,81,81,85,82,1,24650,24850,2,42
456,68137,2019-04-01,85247690,25050,25000,24950,24900,24850,24800,24750,24700,24650,24600,42,48,58,56,58,60,81,81,85,82,1,24650,24850,2,42
457,69020,2019-04-01,85253065,25050,25000,24950,24900,24850,24800,24750,24700,24650,24600,52,48,58,56,58,60,81,81,85,82,1,24650,24850,2,42
458,69043,2019-04-01,85253440,25050,25000,24950,24900,24850,24800,24750,24700,24650,24600,52,48,58,51,58,60,81,81,85,82,1,24650,24850,2,42
459,69058,2019-04-01,85253565,25050,25000,24950,24900,24850,24800,24750,24700,24650,24600,52,48,58,51,58,60,81,81,85,82,1,24650,24850,2,42
460,69090,2019-04-01,85254065,25050,25000,24950,24900,24850,24800,24750,24700,24650,24600,52,48,58,51,58,60,81,81,85,82,1,24650,24850,2,42
461,70094,2019-04-01,85302565,25050,25000,24950,24900,24850,24800,24750,24700,24650,24600,52,48,58,51,58,60,81,81,85,82,1,24650,24850,2,42
462,70314,2019-04-01,85304565,25050,25000,24950,24900,24850,24800,24750,24700,24650,24600,52,48,58,51,58,60,86,81,85,82,1,24650,24850,2,42
463,70345,2019-04-01,85304815,25050,25000,24950,24900,24850,24800,24750,24700,24650,24600,52,48,58,51,58,61,86,81,85,82,1,24650,24850,2,42
464,70374,2019-04-01,85305065,25050,25000,24950,24900,24850,24800,24750,24700,24650,24600,52,48,58,51,58,61,91,81,85,82,1,24650,24850,2,42
465,70442,2019-04-01,85305565,25050,25000,24950,24900,24850,24800,24750,24700,24650,24600,52,48,58,51,58,61,96,81,85,82,1,24650,24850,2,42
466,70927,2019-04-01,85310190,25050,25000,24950,24900,24850,24800,24750,24700,24650,24600,52,48,58,51,58,61,81,81,85,82,1,24650,24850,2,42
467,70991,2019-04-01,85310690,25050,25000,24950,24900,24850,24800,24750,24700,24650,24600,52,48,58,51,58,61,81,81,85,82,1,24650,24850,2,42
468,71624,2019-04-01,85316690,25050,25000,24950,24900,24850,24800,24750,24700,24650,24600,52,48,58,51,58,61,81,81,85,82,1,24650,24850,2,42
469,72158,2019-04-01,85320565,25050,25000,24950,24900,24850,24800,24750,24700,24650,24600,52,48,58,51,58,71,81,81,85,82,1,24650,24850,2,42
470,72205,2019-04-01,85320815,25050,25000,24950,24900,24850,24800,24750,24700,24650,24600,52,48,58,51,58,81,81,81,85,82,1,24650,24850,2,42
471,72219,2019-04-01,85320940,25050,25000,24950,24900,24850,24800,24750,24700,24650,24600,52,48,58,51,58,91,81,81,85,82,1,24650,24850,2,42
472,72254,2019-04-01,85321190,25050,25000,24950,24900,24850,24800,24750,24700,24650,24600,52,48,58,51,58,101,81,81,85,82,1,24650,24850,2,42
473,72414,2019-04-01,85322065,25050,25000,24950,24900,24850,24800,24750,24700,24650,24600,52,48,58,51,58,101,81,81,85,82,1,24650,24850,2,41
474,72424,2019-04-01,85322190,25050,25000,24950,24900,24850,24800,24750,24700,24650,24600,52,48,58,51,58,102,81,81,85,82,1,24650,24850,2,41
475,72454,2019-04-01,85322440,25050,25000,24950,24900,24850,24800,24750,24700,24650,24600,52,48,58,51,58,101,81,81,85,82,1,24650,24850,2,41
476,72522,2019-04-01,85322940,25050,25000,24950,24900,24850,24800,24750,24700,24650,24600,52,48,58,51,58,61,81,81,85,82,1,24650,24850,2,28
477,72558,2019-04-01,85323315,25050,25000,24950,24900,24850,24800,24750,24700,24650,24600,52,48,58,51,58,62,81,81,85,82,1,24650,24850,2,28
478,73118,2019-04-01,85328315,25050,25000,24950,24900,24850,24800,24750,24700,24650,24600,52,48,58,51,58,62,81,81,85,82,1,24650,24850,2,27
479,73399,2019-04-01,85331065,25050,25000,24950,24900,24850,24800,24750,24700,24650,24600,52,48,58,51,58,62,81,81,85,82,1,24650,24850,2,27
480,73515,2019-04-01,85331815,25050,25000,24950,24900,24850,24800,24750,24700,24650,24600,52,48,58,51,58,63,81,81,85,82,1,24650,24850,2,27
481,74672,2019-04-01,85342565,25050,25000,24950,24900,24850,24800,24750,24700,24650,24600,52,49,58,51,58,63,81,81,85,82,1,24650,24850,2,27
482,74707,2019-04-01,85342815,25050,25000,24950,24900,24850,24800,24750,24700,24650,24600,52,50,58,51,58,63,81,81,85,82,1,24650,24850,2,33
483,74742,2019-04-01,85343065,25050,25000,24950,24900,24850,24800,24750,24700,24650,24600,52,49,58,51,58,63,81,81,85,82,1,24650,24850,2,33
484,75389,2019-04-01,85350315,25050,25000,24950,24900,24850,24800,24750,24700,24650,24600,52,49,58,51,58,63,81,81,85,82,1,24650,24850,2,39
485,75479,2019-04-01,85350940,25050,25000,24950,24900,24850,24800,24750,24700,24650,24600,52,49,58,51,58,63,81,81,85,82,1,24650,24850,2,39
486,75566,2019-04-01,85351440,25050,25000,24950,24900,24850,24800,24750,24700,24650,24600,52,49,58,51,58,63,81,81,85,82,1,24650,24850,2,39
487,76007,2019-04-01,85354315,25050,25000,24950,24900,24850,24800,24750,24700,24650,24600,52,49,58,51,58,63,81,81,85,82,1,24650,24850,2,39
488,76294,2019-04-01,85355940,25050,25000,24950,24900,24850,24800,24750,24700,24650,24600,52,49,58,51,58,63,81,81,85,82,1,24650,24850,2,39
489,76329,2019-04-01,85356190,25050,25000,24950,24900,24850,24800,24750,24700,24650,24600,52,49,58,51,58,63,81,81,85,82,1,24650,24850,2,39
490,76543,2019-04-01,85357815,25050,25000,24950,24900,24850,24800,24750,24700,24650,24600,52,49,58,51,58,63,81,81,85,82,1,24650,24850,2,39
491,76770,2019-04-01,85400065,25050,25000,24950,24900,24850,24800,24750,24700,24650,24600,52,49,58,51,58,63,81,81,85,82,1,24650,24850,2,38
492,77362,2019-04-01,85403440,25050,25000,24950,24900,24850,24800,24750,24700,24650,24600,52,49,58,51,58,63,81,81,85,82,1,24650,24850,2,28
493,77614,2019-04-01,85405690,25050,25000,24950,24900,24850,24800,24750,24700,24650,24600,52,49,58,51,58,63,81,81,85,82,1,24650,24850,2,28
494,77821,2019-04-01,85407565,25050,25000,24950,24900,24850,24800,24750,24700,24650,24600,52,49,58,51,58,63,81,81,85,82,1,24650,24850,2,28
495,77857,2019-04-01,85407815,25050,25000,24950,24900,24850,24800,24750,24700,24650,24600,52,49,59,51,57,63,81,81,85,82,1,24650,24850,2,28
496,78144,2019-04-01,85409690,25050,25000,24950,24900,24850,24800,24750,24700,24650,24600,52,49,59,51,57,63,81,81,85,82,1,24650,24850,2,28
497,78508,2019-04-01,85412940,25050,25000,24950,24900,24850,24800,24750,24700,24650,24600,51,49,59,51,57,63,81,81,85,82,1,24650,24850,2,28
498,79045,2019-04-01,85418815,25050,25000,24950,24900,24850,24800,24750,24700,24650,24600,51,49,59,51,57,63,81,81,85,82,1,24650,24850,2,27
499,79223,2019-04-01,85420190,25050,25000,24950,24900,24850,24800,24750,24700,24650,24600,51,49,59,51,57,63,81,81,85,82,1,24650,24850,2,26
500,79372,2019-04-01,85421065,25050,25000,24950,24900,24850,24800,24750,24700,24650,24600,51,49,59,51,57,63,81,81,85,82,1,24650,24850,2,26
501,79593,2019-04-01,85422940,25050,25000,24950,24900,24850,24800,24750,24700,24650,24600,51,49,59,51,57,63,81,81,85,82,1,24650,24850,2,26
502,79634,2019-04-01,85423315,25050,25000,24950,24900,24850,24800,24750,24700,24650,24600,51,49,59,51,57,63,81,81,85,82,1,24650,24850,2,25
503,79770,2019-04-01,85424315,25050,25000,24950,24900,24850,24800,24750,24700,24650,24600,51,49,59,51,57,63,81,81,85,82,1,24650,24850,2,25
504,79819,2019-04-01,85424815,25050,25000,24950,24900,24850,24800,24750,24700,24650,24600,51,49,59,51,57,63,81,81,85,82,1,24650,24850,2,25
505,80655,2019-04-01,85433065,25050,25000,24950,24900,24850,24800,24750,24700,24650,24600,51,44,59,51,57,63,81,81,85,82,1,24650,24850,2,25
506,80851,2019-04-01,85434815,25050,25000,24950,24900,24850,24800,24750,24700,24650,24600,51,44,59,51,57,63,81,81,85,82,1,24650,24850,2,28
507,80997,2019-04-01,85436065,25050,25000,24950,24900,24850,24800,24750,24700,24650,24600,51,44,59,51,57,63,81,81,85,82,1,24650,24850,2,28
508,81252,2019-04-01,85439315,25050,25000,24950,24900,24850,24800,24750,24700,24650,24600,51,44,59,52,57,63,81,81,85,82,1,24650,24850,2,28
509,81432,2019-04-01,85441190,25050,25000,24950,24900,24850,24800,24750,24700,24650,24600,51,44,59,52,57,63,81,81,85,82,1,24750,24850,1,28
510,81629,2019-04-01,85443315,25050,25000,24950,24900,24850,24800,24750,24700,24650,24600,51,44,59,52,57,63,81,81,85,82,1,24750,24850,1,28
511,82057,2019-04-01,85447940,25050,25000,24950,24900,24850,24800,24750,24700,24650,24600,51,44,59,52,56,63,81,81,85,82,1,24750,24850,1,28
512,82421,2019-04-01,85451815,25050,25000,24950,24900,24850,24800,24750,24700,24650,24600,51,44,59,52,56,63,81,81,85,82,1,24750,24850,1,28
513,82430,2019-04-01,85451940,25050,25000,24950,24900,24850,24800,24750,24700,24650,24600,51,44,59,52,56,63,81,81,85,82,1,24750,24850,1,28
514,82454,2019-04-01,85452190,25050,25000,24950,24900,24850,24800,24750,24700,24650,24600,51,44,59,52,56,63,81,81,85,82,1,24750,24850,1,28
515,82470,2019-04-01,85452315,25050,25000,24950,24900,24850,24800,24750,24700,24650,24600,51,44,59,52,56,63,81,81,85,82,1,24750,24850,1,28
516,82496,2019-04-01,85452440,25050,25000,24950,24900,24850,24800,24750,24700,24650,24600,51,44,59,52,56,63,81,81,85,82,1,24750,24850,1,28
517,82502,2019-04-01,85452565,25050,25000,24950,24900,24850,24800,24750,24700,24650,24600,51,44,59,52,56,63,81,81,85,82,1,24750,24850,1,28
518,82534,2019-04-01,85452815,25050,25000,24950,24900,24850,24800,24750,24700,24650,24600,51,44,59,52,56,63,81,81,85,82,1,24750,24850,1,28
519,82620,2019-04-01,85453315,25050,25000,24950,24900,24850,24800,24750,24700,24650,24600,51,44,59,52,56,63,81,81,85,82,1,24750,24850,1,28
520,84503,2019-04-01,85508440,25050,25000,24950,24900,24850,24800,24750,24700,24650,24600,51,44,59,52,56,62,81,81,85,82,1,24750,24850,1,28
521,84720,2019-04-01,85509690,25050,25000,24950,24900,24850,24800,24750,24700,24650,24600,51,44,59,52,56,62,81,81,85,82,1,24750,24850,1,23
522,84886,2019-04-01,85511315,25050,25000,24950,24900,24850,24800,24750,24700,24650,24600,51,44,59,52,56,62,81,81,85,82,1,24750,24850,1,18
523,85147,2019-04-01,85513440,25050,25000,24950,24900,24850,24800,24750,24700,24650,24600,51,44,59,52,56,62,81,81,85,82,1,24750,24850,1,18
524,85648,2019-04-01,85518440,25050,25000,24950,24900,24850,24800,24750,24700,24650,24600,51,44,59,52,56,62,81,81,85,82,1,24750,24850,1,18
525,86398,2019-04-01,85524440,25050,25000,24950,24900,24850,24800,24750,24700,24650,24600,51,44,59,52,56,62,81,81,85,82,1,24750,24850,1,18
526,86668,2019-04-01,85526315,25050,25000,24950,24900,24850,24800,24750,24700,24650,24600,51,44,59,52,56,62,81,81,85,82,1,24750,24850,1,20
527,86725,2019-04-01,85526565,25050,25000,24950,24900,24850,24800,24750,24700,24650,24600,51,44,59,52,56,62,81,81,85,82,1,24750,24850,1,22
528,86737,2019-04-01,85526690,25050,25000,24950,24900,24850,24800,24750,24700,24650,24600,51,44,59,52,56,62,81,81,85,82,1,24750,24850,1,24
529,86776,2019-04-01,85527190,25050,25000,24950,24900,24850,24800,24750,24700,24650,24600,51,44,59,52,56,62,81,81,85,82,1,24750,24850,1,23
530,86972,2019-04-01,85528440,25050,25000,24950,24900,24850,24800,24750,24700,24650,24600,51,44,59,52,56,62,81,81,85,82,1,24650,24850,2,23
531,87102,2019-04-01,85529440,25050,25000,24950,24900,24850,24800,24750,24700,24650,24600,51,44,59,52,56,62,81,81,85,82,1,24650,24850,2,23
532,87252,2019-04-01,85530815,25050,25000,24950,24900,24850,24800,24750,24700,24650,24600,51,44,59,52,56,62,81,81,85,82,1,24650,24850,2,23
533,87803,2019-04-01,85535690,25050,25000,24950,24900,24850,24800,24750,24700,24650,24600,51,44,59,52,56,62,81,81,85,82,1,24650,24850,2,23
534,88600,2019-04-01,85540690,25050,25000,24950,24900,24850,24800,24750,24700,24650,24600,46,44,59,52,56,62,81,81,85,82,1,24650,24850,2,23
535,89038,2019-04-01,85544815,25050,25000,24950,24900,24850,24800,24750,24700,24650,24600,46,45,59,52,56,62,81,81,85,82,1,24650,24850,2,23
536,89313,2019-04-01,85547940,25050,25000,24950,24900,24850,24800,24750,24700,24650,24600,46,45,58,53,56,62,81,81,85,82,1,24650,24850,2,23
537,90140,2019-04-01,85555440,25050,25000,24950,24900,24850,24800,24750,24700,24650,24600,46,45,58,53,56,62,81,81,85,82,1,24650,24850,2,23
538,90184,2019-04-01,85555690,25050,25000,24950,24900,24850,24800,24750,24700,24650,24600,46,45,58,53,56,62,81,84,85,82,1,24650,24850,2,23
539,90244,2019-04-01,85556315,25050,25000,24950,24900,24850,24800,24750,24700,24650,24600,46,45,58,53,56,62,81,87,85,82,1,24650,24850,2,23
540,90298,2019-04-01,85556815,25050,25000,24950,24900,24850,24800,24750,24700,24650,24600,46,45,58,53,56,62,81,90,85,82,1,24650,24850,2,23
541,90337,2019-04-01,85557315,25050,25000,24950,24900,24850,24800,24750,24700,24650,24600,46,45,58,53,56,62,81,93,85,82,1,24650,24850,2,23
542,90404,2019-04-01,85557940,25050,25000,24950,24900,24850,24800,24750,24700,24650,24600,46,45,58,53,56,62,81,96,85,82,1,24650,24850,2,23
543,90466,2019-04-01,85558440,25050,25000,24950,24900,24850,24800,24750,24700,24650,24600,46,45,58,53,56,62,81,99,85,82,1,24650,24850,2,23
544,90593,2019-04-01,85559815,25050,25000,24950,24900,24850,24800,24750,24700,24650,24600,46,45,58,53,56,62,81,99,85,82,1,24700,24850,6,23
545,90632,2019-04-01,85600190,25050,25000,24950,24900,24850,24800,24750,24700,24650,24600,46,45,58,53,56,62,81,99,85,82,1,24700,24850,6,22
546,90863,2019-04-01,85602190,25050,25000,24950,24900,24850,24800,24750,24700,24650,24600,46,45,58,53,56,62,81,81,85,82,1,24700,24850,6,22
547,91661,2019-04-01,85609940,25050,25000,24950,24900,24850,24800,24750,24700,24650,24600,46,45,58,53,56,62,81,81,85,82,1,24650,24850,8,22
548,91763,2019-04-01,85610940,25050,25000,24950,24900,24850,24800,24750,24700,24650,24600,46,45,58,53,56,62,81,81,85,82,1,24650,24850,2,22
549,92193,2019-04-01,85616065,25050,25000,24950,24900,24850,24800,24750,24700,24650,24600,86,45,58,53,56,62,81,81,85,82,1,24650,24850,2,22
550,92507,2019-04-01,85618565,25050,25000,24950,24900,24850,24800,24750,24700,24650,24600,86,45,58,53,56,62,81,81,85,82,1,24650,24850,2,22
551,92679,2019-04-01,85620190,25050,25000,24950,24900,24850,24800,24750,24700,24650,24600,86,45,58,53,56,62,81,81,85,82,1,24650,24850,2,12
552,94166,2019-04-01,85634315,25050,25000,24950,24900,24850,24800,24750,24700,24650,24600,86,45,58,53,56,62,81,81,85,82,1,24650,24850,2,12
553,94411,2019-04-01,85637440,25050,25000,24950,24900,24850,24800,24750,24700,24650,24600,91,45,58,53,56,62,81,81,85,82,1,24650,24850,2,12
554,94424,2019-04-01,85637565,25050,25000,24950,24900,24850,24800,24750,24700,24650,24600,91,45,58,53,56,62,81,81,85,82,1,24650,24850,2,17
555,94498,2019-04-01,85638190,25050,25000,24950,24900,24850,24800,24750,24700,24650,24600,91,46,58,53,56,62,81,81,85,82,1,24650,24850,2,17
556,94557,2019-04-01,85638815,25050,25000,24950,24900,24850,24800,24750,24700,24650,24600,91,56,58,53,56,62,81,81,85,82,1,24650,24850,2,17
557,94663,2019-04-01,85639940,25050,25000,24950,24900,24850,24800,24750,24700,24650,24600,91,56,58,53,56,62,81,81,85,82,1,24650,24850,2,16
558,94999,2019-04-01,85643440,25050,25000,24950,24900,24850,24800,24750,24700,24650,24600,91,56,68,53,56,62,81,81,85,82,1,24650,24850,2,16
559,95354,2019-04-01,85647690,25050,25000,24950,24900,24850,24800,24750,24700,24650,24600,91,46,68,53,56,62,81,81,85,82,1,24650,24850,2,16
560,95378,2019-04-01,85647940,25050,25000,24950,24900,24850,24800,24750,24700,24650,24600,91,46,68,53,56,62,81,81,85,82,1,24650,24850,2,16
561,95622,2019-04-01,85650065,25050,25000,24950,24900,24850,24800,24750,24700,24650,24600,101,46,68,53,56,62,81,81,85,82,1,24650,24850,2,16
562,96214,2019-04-01,85654815,25050,25000,24950,24900,24850,24800,24750,24700,24650,24600,101,46,68,53,56,62,81,81,85,82,1,24650,24850,2,16
563,96250,2019-04-01,85655065,25050,25000,24950,24900,24850,24800,24750,24700,24650,24600,101,46,68,53,56,62,81,83,85,82,1,24650,24850,2,16
564,96305,2019-04-01,85655440,25050,25000,24950,24900,24850,24800,24750,24700,24650,24600,101,46,68,53,56,62,81,85,85,82,1,24650,24850,2,16
565,96390,2019-04-01,85655815,25050,25000,24950,24900,24850,24800,24750,24700,24650,24600,101,46,68,53,56,62,81,87,85,82,1,24650,24850,2,16
566,96447,2019-04-01,85656190,25050,25000,24950,24900,24850,24800,24750,24700,24650,24600,101,46,68,53,56,62,81,89,85,82,1,24650,24850,2,16
567,96528,2019-04-01,85656690,25050,25000,24950,24900,24850,24800,24750,24700,24650,24600,101,46,68,53,56,62,81,91,85,82,1,24650,24850,2,16
568,96546,2019-04-01,85656815,25050,25000,24950,24900,24850,24800,24750,24700,24650,24600,101,46,68,53,56,62,81,91,85,82,1,24650,24850,2,16
569,96571,2019-04-01,85657065,25050,25000,24950,24900,24850,24800,24750,24700,24650,24600,101,46,68,53,56,62,81,93,85,82,1,24650,24850,2,16
570,96621,2019-04-01,85657440,25050,25000,24950,24900,24850,24800,24750,24700,24650,24600,101,46,68,53,56,62,81,95,85,82,1,24650,24850,2,16
571,96697,2019-04-01,85657940,25050,25000,24950,24900,24850,24800,24750,24700,24650,24600,101,46,68,53,56,62,81,97,85,82,1,24650,24850,2,16
572,96770,2019-04-01,85658440,25050,25000,24950,24900,24850,24800,24750,24700,24650,24600,101,46,68,53,56,62,81,99,85,82,1,24650,24850,2,16
573,96907,2019-04-01,85659440,25050,25000,24950,24900,24850,24800,24750,24700,24650,24600,101,46,68,53,56,62,81,99,85,82,1,24650,24850,2,16
574,96948,2019-04-01,85659815,25050,25000,24950,24900,24850,24800,24750,24700,24650,24600,101,46,48,53,56,62,81,99,85,82,1,24650,24850,2,16
575,96959,2019-04-01,85659940,25050,25000,24950,24900,24850,24800,24750,24700,24650,24600,101,46,48,53,56,62,81,87,85,82,1,24650,24850,2,16
576,96975,2019-04-01,85700065,25050,25000,24950,24900,24850,24800,24750,24700,24650,24600,101,46,48,53,56,62,81,81,85,82,1,24650,24850,2,16
577,97729,2019-04-01,85705565,25050,25000,24950,24900,24850,24800,24750,24700,24650,24600,101,46,48,53,56,62,81,81,85,82,1,24650,24850,2,16
578,98439,2019-04-01,85711190,25050,25000,24950,24900,24850,24800,24750,24700,24650,24600,101,46,48,53,56,62,81,81,85,82,1,24650,24850,2,16
579,98486,2019-04-01,85711690,25050,25000,24950,24900,24850,24800,24750,24700,24650,24600,101,46,48,53,56,65,78,81,85,82,1,24650,24850,2,16
580,98541,2019-04-01,85712065,25050,25000,24950,24900,24850,24800,24750,24700,24650,24600,101,46,48,53,57,65,78,81,85,82,1,24650,24850,2,16
581,99164,2019-04-01,85716065,25050,25000,24950,24900,24850,24800,24750,24700,24650,24600,101,46,48,53,57,65,78,81,85,82,1,24650,24850,2,16
582,99667,2019-04-01,85719440,25050,25000,24950,24900,24850,24800,24750,24700,24650,24600,61,46,48,53,57,65,78,81,85,82,1,24650,24850,2,16
583,101126,2019-04-01,85730315,25050,25000,24950,24900,24850,24800,24750,24700,24650,24600,61,46,48,53,57,65,78,81,85,82,1,24650,24850,2,11
584,101402,2019-04-01,85732190,25050,25000,24950,24900,24850,24800,24750,24700,24650,24600,61,46,48,53,57,65,78,81,85,82,1,24650,24850,2,5
585,101419,2019-04-01,85732315,25050,25000,24950,24900,24850,24800,24750,24700,24650,24600,61,46,48,53,57,65,78,81,85,82,1,24800,24900,1,34
586,101584,2019-04-01,85733940,25050,25000,24950,24900,24850,24800,24750,24700,24650,24600,61,46,48,53,57,65,78,81,85,82,1,24800,24900,1,34
587,101625,2019-04-01,85734440,25050,25000,24950,24900,24850,24800,24750,24700,24650,24600,61,46,48,53,57,64,78,81,85,82,1,24800,24900,1,34
588,101803,2019-04-01,85735690,25050,25000,24950,24900,24850,24800,24750,24700,24650,24600,61,46,48,53,57,76,78,81,85,82,1,24800,24900,1,34
589,101911,2019-04-01,85736315,25050,25000,24950,24900,24850,24800,24750,24700,24650,24600,61,46,49,53,57,76,78,81,85,82,1,24800,24900,1,34
590,101961,2019-04-01,85736940,25050,25000,24950,24900,24850,24800,24750,24700,24650,24600,61,46,49,53,58,76,78,81,85,82,1,24800,24900,1,34
591,102356,2019-04-01,85740440,25050,25000,24950,24900,24850,24800,24750,24700,24650,24600,61,46,49,53,58,81,78,81,85,82,1,24800,24900,1,34
592,102546,2019-04-01,85741940,25050,25000,24950,24900,24850,24800,24750,24700,24650,24600,62,46,49,53,58,81,78,81,85,82,1,24800,24900,1,34
593,102675,2019-04-01,85743565,25050,25000,24950,24900,24850,24800,24750,24700,24650,24600,62,46,49,53,58,82,78,81,85,82,1,24800,24900,1,34
594,102972,2019-04-01,85746565,25050,25000,24950,24900,24850,24800,24750,24700,24650,24600,62,46,48,53,58,82,78,81,85,82,1,24800,24900,1,34
595,103128,2019-04-01,85748315,25050,25000,24950,24900,24850,24800,24750,24700,24650,24600,62,46,48,53,58,83,78,81,85,82,1,24800,24900,1,34
596,103693,2019-04-01,85754190,25050,25000,24950,24900,24850,24800,24750,24700,24650,24600,62,46,48,53,58,83,78,71,85,82,1,24800,24900,1,34
597,103796,2019-04-01,85755815,25050,25000,24950,24900,24850,24800,24750,24700,24650,24600,62,46,48,53,58,83,78,71,85,82,1,24800,24900,1,34
598,103950,2019-04-01,85757565,25050,25000,24950,24900,24850,24800,24750,24700,24650,24600,62,46,48,53,58,83,78,71,85,82,1,24800,24900,1,34
599,103993,2019-04-01,85758065,25050,25000,24950,24900,24850,24800,24750,24700,24650,24600,62,46,48,53,58,83,78,71,75,82,1,24800,24900,1,34
600,104263,2019-04-01,85800565,25050,25000,24950,24900,24850,24800,24750,24700,24650,24600,62,46,48,52,59,83,78,71,75,82,1,24800,24900,1,34
601,104399,2019-04-01,85801440,25050,25000,24950,24900,24850,24800,24750,24700,24650,24600,62,46,48,52,59,83,78,71,75,72,1,24800,24900,1,34
602,104669,2019-04-01,85803940,25050,25000,24950,24900,24850,24800,24750,24700,24650,24600,62,46,48,52,58,83,78,71,75,72,1,24800,24900,1,34
603,105022,2019-04-01,85808190,25050,25000,24950,24900,24850,24800,24750,24700,24650,24600,62,46,48,52,58,83,78,71,75,72,1,24700,24850,1,9
604,105081,2019-04-01,85808565,25050,25000,24950,24900,24850,24800,24750,24700,24650,24600,62,46,48,52,58,83,78,71,75,72,1,24700,24850,1,4
605,105095,2019-04-01,85808690,25050,25000,24950,24900,24850,24800,24750,24700,24650,24600,62,46,48,52,58,83,78,71,75,72,1,24700,24850,11,4
606,105454,2019-04-01,85811190,25050,25000,24950,24900,24850,24800,24750,24700,24650,24600,62,46,48,52,57,83,78,71,75,72,1,24700,24900,11,39
607,105511,2019-04-01,85811565,25050,25000,24950,24900,24850,24800,24750,24700,24650,24600,62,46,48,52,57,78,78,71,75,72,1,24700,24900,11,39
608,105745,2019-04-01,85812815,25050,25000,24950,24900,24850,24800,24750,24700,24650,24600,62,46,48,52,63,78,78,71,75,72,1,24700,24900,11,39
609,105949,2019-04-01,85814940,25050,25000,24950,24900,24850,24800,24750,24700,24650,24600,62,46,48,52,63,78,78,71,75,72,1,24700,24900,12,39
610,106245,2019-04-01,85816440,25050,25000,24950,24900,24850,24800,24750,24700,24650,24600,62,46,48,52,63,78,78,71,75,72,1,24700,24900,12,39
611,106316,2019-04-01,85816815,25050,25000,24950,24900,24850,24800,24750,24700,24650,24600,62,46,48,52,63,78,78,71,75,72,1,24700,24900,12,39
612,106703,2019-04-01,85819190,25050,25000,24950,24900,24850,24800,24750,24700,24650,24600,62,46,48,52,57,78,78,71,75,72,1,24700,24900,12,39
613,106814,2019-04-01,85819940,25050,25000,24950,24900,24850,24800,24750,24700,24650,24600,62,46,48,52,57,78,78,71,75,72,1,24700,24900,12,39
614,106877,2019-04-01,85820440,25050,25000,24950,24900,24850,24800,24750,24700,24650,24600,62,46,48,52,57,83,78,71,75,72,1,24700,24900,12,39
615,107148,2019-04-01,85822190,25050,25000,24950,24900,24850,24800,24750,24700,24650,24600,62,46,48,57,52,83,78,71,75,72,1,24700,24900,12,39
616,107419,2019-04-01,85823815,25050,25000,24950,24900,24850,24800,24750,24700,24650,24600,62,46,48,57,51,83,78,71,75,72,1,24700,24900,12,39
617,107565,2019-04-01,85825190,25050,25000,24950,24900,24850,24800,24750,24700,24650,24600,62,46,48,57,51,83,78,71,75,72,1,24750,24900,1,39
618,107618,2019-04-01,85825440,25050,25000,24950,24900,24850,24800,24750,24700,24650,24600,62,46,48,57,48,83,78,71,75,72,1,24750,24900,1,39
619,107645,2019-04-01,85825565,25050,25000,24950,24900,24850,24800,24750,24700,24650,24600,62,46,48,57,49,83,78,71,75,72,1,24750,24900,1,39
620,107734,2019-04-01,85826190,25050,25000,24950,24900,24850,24800,24750,24700,24650,24600,62,46,48,62,49,83,78,71,75,72,1,24750,24900,1,39
621,107894,2019-04-01,85827690,25050,25000,24950,24900,24850,24800,24750,24700,24650,24600,62,46,48,62,49,83,78,71,75,73,1,24750,24900,1,39
622,107925,2019-04-01,85828065,25050,25000,24950,24900,24850,24800,24750,24700,24650,24600,62,46,48,62,49,83,72,71,75,73,1,24750,24900,1,39
623,108207,2019-04-01,85829940,25050,25000,24950,24900,24850,24800,24750,24700,24650,24600,62,46,48,62,49,83,72,71,75,73,1,24750,24900,1,39
624,108228,2019-04-01,85830065,25050,25000,24950,24900,24850,24800,24750,24700,24650,24600,62,46,48,62,49,89,72,71,75,73,1,24750,24900,1,39
625,108418,2019-04-01,85831065,25050,25000,24950,24900,24850,24800,24750,24700,24650,24600,62,46,48,62,49,89,72,71,75,73,1,24750,24900,1,39
626,108708,2019-04-01,85833565,25050,25000,24950,24900,24850,24800,24750,24700,24650,24600,62,46,53,62,49,89,72,71,75,73,1,24750,24900,1,39
627,108829,2019-04-01,85834815,25050,25000,24950,24900,24850,24800,24750,24700,24650,24600,62,47,53,62,49,89,72,71,75,73,1,24750,24900,1,39
628,108964,2019-04-01,85836190,25050,25000,24950,24900,24850,24800,24750,24700,24650,24600,62,47,53,62,50,89,72,71,75,73,1,24750,24900,1,39
629,109070,2019-04-01,85837190,25050,25000,24950,24900,24850,24800,24750,24700,24650,24600,62,47,53,62,50,84,72,71,75,73,1,24750,24900,1,39
630,109478,2019-04-01,85839815,25050,25000,24950,24900,24850,24800,24750,24700,24650,24600,62,47,53,62,42,76,72,71,75,73,1,24750,24900,1,39
631,109700,2019-04-01,85841440,25050,25000,24950,24900,24850,24800,24750,24700,24650,24600,62,47,53,62,42,76,72,71,75,73,1,24750,24900,1,39
632,110003,2019-04-01,85843190,25050,25000,24950,24900,24850,24800,24750,24700,24650,24600,62,47,53,62,42,126,72,71,75,73,1,24750,24900,1,39
633,110094,2019-04-01,85843690,25050,25000,24950,24900,24850,24800,24750,24700,24650,24600,62,47,53,62,5,126,72,71,75,73,1,24750,24900,1,39
634,110129,2019-04-01,85843815,25100,25050,25000,24950,24900,24850,24800,24750,24700,24650,59,62,47,53,62,2,126,72,71,75,1,24750,24900,1,39
635,110150,2019-04-01,85843940,25100,25050,25000,24950,24900,24850,24800,24750,24700,24650,59,62,47,53,63,3,126,72,71,75,1,24750,24900,1,39
636,110234,2019-04-01,85844690,25100,25050,25000,24950,24900,24850,24800,24750,24700,24650,59,62,47,53,70,10,126,72,71,75,1,24750,24900,1,39
637,110265,2019-04-01,85844815,25100,25050,25000,24950,24900,24850,24800,24750,24700,24650,59,62,47,53,70,16,126,72,71,75,1,24750,24900,1,39
638,110286,2019-04-01,85844940,25100,25050,25000,24950,24900,24850,24800,24750,24700,24650,59,62,47,53,70,17,131,72,71,75,1,24750,24900,1,39
639,110368,2019-04-01,85845440,25100,25050,25000,24950,24900,24850,24800,24750,24700,24650,59,62,47,53,63,17,131,72,71,75,1,24750,24900,1,39
640,110413,2019-04-01,85845690,25100,25050,25000,24950,24900,24850,24800,24750,24700,24650,59,62,47,53,67,12,131,72,71,75,1,24750,24900,1,39
641,110462,2019-04-01,85846065,25100,25050,25000,24950,24900,24850,24800,24750,24700,24650,59,62,47,53,67,62,81,72,71,75,1,24750,24900,1,39
642,110483,2019-04-01,85846190,25100,25050,25000,24950,24900,24850,24800,24750,24700,24650,59,62,47,53,63,62,81,72,71,75,1,24750,24900,1,39
643,110567,2019-04-01,85846815,25100,25050,25000,24950,24900,24850,24800,24750,24700,24650,59,62,47,53,62,62,81,72,71,75,1,24750,24900,1,39
644,110654,2019-04-01,85847565,25100,25050,25000,24950,24900,24850,24800,24750,24700,24650,59,62,47,53,58,62,81,72,71,75,1,24750,24900,1,39
645,110677,2019-04-01,85847690,25100,25050,25000,24950,24900,24850,24800,24750,24700,24650,59,62,47,53,57,68,81,72,71,75,1,24750,24900,1,39
646,110758,2019-04-01,85848315,25100,25050,25000,24950,24900,24850,24800,24750,24700,24650,59,62,47,53,57,88,81,72,71,75,1,24750,24900,1,39
647,110816,2019-04-01,85848815,25100,25050,25000,24950,24900,24850,24800,24750,24700,24650,59,62,47,53,57,94,81,72,71,75,1,24750,24900,1,39
648,110843,2019-04-01,85848940,25100,25050,25000,24950,24900,24850,24800,24750,24700,24650,59,62,47,53,57,94,81,72,71,75,1,24750,24900,1,39
649,110941,2019-04-01,85849940,25100,25050,25000,24950,24900,24850,24800,24750,24700,24650,59,62,47,53,57,95,81,72,71,75,1,24750,24900,1,39
650,110957,2019-04-01,85850065,25100,25050,25000,24950,24900,24850,24800,24750,24700,24650,59,62,47,53,57,95,81,72,71,75,1,24750,24900,1,27
651,110999,2019-04-01,85850315,25100,25050,25000,24950,24900,24850,24800,24750,24700,24650,59,62,46,53,57,95,81,72,71,75,1,24750,24900,1,27
652,111014,2019-04-01,85850440,25100,25050,25000,24950,24900,24850,24800,24750,24700,24650,59,62,46,53,57,96,81,72,71,75,1,24750,24900,1,27
653,111038,2019-04-01,85850565,25100,25050,25000,24950,24900,24850,24800,24750,24700,24650,59,62,46,53,64,96,81,72,71,75,1,24750,24900,1,27
654,111321,2019-04-01,85852065,25100,25050,25000,24950,24900,24850,24800,24750,24700,24650,59,62,46,53,64,102,81,72,71,75,1,24750,24900,1,27
655,111366,2019-04-01,85852315,25100,25050,25000,24950,24900,24850,24800,24750,24700,24650,59,62,46,53,64,108,81,72,71,75,1,24750,24900,1,27
656,111390,2019-04-01,85852440,25100,25050,25000,24950,24900,24850,24800,24750,24700,24650,59,62,46,53,64,108,81,72,71,75,1,24750,24900,1,17
657,111430,2019-04-01,85852690,25100,25050,25000,24950,24900,24850,24800,24750,24700,24650,59,62,46,53,64,108,81,72,71,75,1,24800,24900,1,17
658,111494,2019-04-01,85853065,25100,25050,25000,24950,24900,24850,24800,24750,24700,24650,59,62,47,53,64,108,81,72,71,75,1,24800,24900,1,17
659,111749,2019-04-01,85854315,25100,25050,25000,24950,24900,24850,24800,24750,24700,24650,59,62,47,53,57,108,81,72,71,75,1,24800,24900,1,17
660,111827,2019-04-01,85854565,25100,25050,25000,24950,24900,24850,24800,24750,24700,24650,59,62,47,53,61,108,81,72,71,75,1,24800,24900,1,17
661,111883,2019-04-01,85854815,25100,25050,25000,24950,24900,24850,24800,24750,24700,24650,59,62,47,53,61,108,81,72,71,75,1,24800,24900,1,17
662,111984,2019-04-01,85855565,25100,25050,25000,24950,24900,24850,24800,24750,24700,24650,59,62,47,53,62,108,81,72,71,75,1,24800,24900,1,12
663,112162,2019-04-01,85856440,25100,25050,25000,24950,24900,24850,24800,24750,24700,24650,59,62,47,52,62,108,81,72,71,75,1,24800,24900,1,12
664,112188,2019-04-01,85856565,25100,25050,25000,24950,24900,24850,24800,24750,24700,24650,59,62,47,52,64,108,81,72,71,75,1,24800,24900,1,12
665,112357,2019-04-01,85857190,25100,25050,25000,24950,24900,24850,24800,24750,24700,24650,59,62,47,52,62,108,81,72,71,75,1,24800,24900,1,12
666,112649,2019-04-01,85858815,25100,25050,25000,24950,24900,24850,24800,24750,24700,24650,59,62,47,52,62,108,81,72,71,75,1,24800,24950,1,31
667,112674,2019-04-01,85858940,25100,25050,25000,24950,24900,24850,24800,24750,24700,24650,59,62,47,52,62,108,81,72,71,75,1,24800,24950,1,31
668,112690,2019-04-01,85859065,25100,25050,25000,24950,24900,24850,24800,24750,24700,24650,59,62,47,52,62,108,81,72,71,75,1,24800,24950,1,31
669,112734,2019-04-01,85859440,25100,25050,25000,24950,24900,24850,24800,24750,24700,24650,59,62,47,52,63,108,81,72,71,75,1,24800,24950,1,31
670,113064,2019-04-01,85901440,25100,25050,25000,24950,24900,24850,24800,24750,24700,24650,59,62,47,52,64,108,81,72,71,75,1,24800,24950,1,31
671,113226,2019-04-01,85902065,25100,25050,25000,24950,24900,24850,24800,24750,24700,24650,99,62,47,52,64,108,81,72,71,75,1,24800,24950,1,31
672,113352,2019-04-01,85902440,25100,25050,25000,24950,24900,24850,24800,24750,24700,24650,99,62,47,52,64,108,81,72,71,75,1,24800,24950,1,31
673,113518,2019-04-01,85903315,25100,25050,25000,24950,24900,24850,24800,24750,24700,24650,99,62,47,52,57,108,81,72,71,75,1,24800,24950,1,31
674,113544,2019-04-01,85903440,25100,25050,25000,24950,24900,24850,24800,24750,24700,24650,99,62,47,52,60,108,81,72,71,75,1,24800,24950,1,31
675,113579,2019-04-01,85903565,25100,25050,25000,24950,24900,24850,24800,24750,24700,24650,99,62,47,52,60,114,81,72,71,75,1,24800,24950,1,31
676,113694,2019-04-01,85904190,25100,25050,25000,24950,24900,24850,24800,24750,24700,24650,99,62,49,52,60,114,81,72,71,75,1,24800,24950,1,31
677,113723,2019-04-01,85904315,25100,25050,25000,24950,24900,24850,24800,24750,24700,24650,99,62,49,52,57,114,81,72,71,75,1,24800,24950,1,31
678,113750,2019-04-01,85904440,25100,25050,25000,24950,24900,24850,24800,24750,24700,24650,99,62,49,52,58,114,81,72,71,75,1,24800,24950,1,31
679,113842,2019-04-01,85905065,25100,25050,25000,24950,24900,24850,24800,24750,24700,24650,99,63,49,52,58,114,81,72,71,75,1,24800,24950,1,31
680,113884,2019-04-01,85905440,25100,25050,25000,24950,24900,24850,24800,24750,24700,24650,99,63,49,52,59,114,81,72,71,75,1,24800,24950,1,31
681,113901,2019-04-01,85905565,25100,25050,25000,24950,24900,24850,24800,24750,24700,24650,99,63,49,52,57,114,81,72,71,75,1,24800,24950,1,31
682,114196,2019-04-01,85907940,25100,25050,25000,24950,24900,24850,24800,24750,24700,24650,99,63,49,52,57,114,81,72,71,75,1,24800,24950,1,31
683,114556,2019-04-01,85910690,25100,25050,25000,24950,24900,24850,24800,24750,24700,24650,99,63,49,52,57,114,81,72,71,75,1,24800,24950,1,31
684,115015,2019-04-01,85914065,25100,25050,25000,24950,24900,24850,24800,24750,24700,24650,99,63,49,52,57,114,81,72,71,75,1,24800,24950,1,37
685,115408,2019-04-01,85916815,25100,25050,25000,24950,24900,24850,24800,24750,24700,24650,99,63,29,52,57,114,81,72,71,75,1,24800,24950,1,37
686,115759,2019-04-01,85919315,25100,25050,25000,24950,24900,24850,24800,24750,24700,24650,99,63,29,52,58,114,81,72,71,75,1,24800,24950,1,37
687,115861,2019-04-01,85919690,25100,25050,25000,24950,24900,24850,24800,24750,24700,24650,99,63,29,52,57,114,81,72,71,75,1,24800,24950,1,37
688,115984,2019-04-01,85920190,25100,25050,25000,24950,24900,24850,24800,24750,24700,24650,99,63,29,52,60,114,81,72,71,75,1,24800,24950,1,37
689,116199,2019-04-01,85921190,25100,25050,25000,24950,24900,24850,24800,24750,24700,24650,99,63,29,52,64,114,81,72,71,75,1,24800,24950,1,37
690,116241,2019-04-01,85921315,25100,25050,25000,24950,24900,24850,24800,24750,24700,24650,99,63,29,52,64,114,81,72,71,75,1,24800,24950,1,37
691,116301,2019-04-01,85921565,25100,25050,25000,24950,24900,24850,24800,24750,24700,24650,99,63,29,52,64,114,81,72,71,75,1,24800,24950,1,37
692,116318,2019-04-01,85921690,25100,25050,25000,24950,24900,24850,24800,24750,24700,24650,99,63,29,52,64,114,81,72,71,75,1,24800,24950,1,37
693,116477,2019-04-01,85922565,25100,25050,25000,24950,24900,24850,24800,24750,24700,24650,99,63,29,52,64,114,81,72,71,75,1,24800,24950,1,37
694,116582,2019-04-01,85923190,25100,25050,25000,24950,24900,24850,24800,24750,24700,24650,99,63,29,52,65,114,81,72,71,75,1,24800,24950,1,37
695,116645,2019-04-01,85923565,25100,25050,25000,24950,24900,24850,24800,24750,24700,24650,99,63,30,52,65,114,81,72,71,75,1,24800,24950,1,37
696,116700,2019-04-01,85923940,25100,25050,25000,24950,24900,24850,24800,24750,24700,24650,99,63,30,52,64,114,81,72,71,75,1,24800,24950,1,37
697,117216,2019-04-01,85927065,25100,25050,25000,24950,24900,24850,24800,24750,24700,24650,99,63,30,52,60,114,81,72,71,75,1,24800,24950,1,37
698,117227,2019-04-01,85927190,25100,25050,25000,24950,24900,24850,24800,24750,24700,24650,99,63,30,52,61,114,81,72,71,75,1,24800,24950,1,37
699,117270,2019-04-01,85927440,25100,25050,25000,24950,24900,24850,24800,24750,24700,24650,99,63,30,52,61,114,81,72,71,75,1,24800,24950,1,43
700,117432,2019-04-01,85928565,25100,25050,25000,24950,24900,24850,24800,24750,24700,24650,99,63,30,52,60,114,81,72,71,75,1,24800,24950,1,43
701,117459,2019-04-01,85928815,25100,25050,25000,24950,24900,24850,24800,24750,24700,24650,99,64,30,52,60,114,81,72,71,75,1,24800,24950,1,43
702,117488,2019-04-01,85929190,25100,25050,25000,24950,24900,24850,24800,24750,24700,24650,99,64,30,52,61,114,81,72,71,75,1,24800,24950,1,43
703,117729,2019-04-01,85930690,25100,25050,25000,24950,24900,24850,24800,24750,24700,24650,99,64,30,52,60,114,81,72,71,75,1,24800,24950,1,43
704,117957,2019-04-01,85932315,25100,25050,25000,24950,24900,24850,24800,24750,24700,24650,99,64,30,52,57,114,81,72,71,75,1,24800,24950,1,43
705,118100,2019-04-01,85933440,25100,25050,25000,24950,24900,24850,24800,24750,24700,24650,99,64,30,52,57,115,81,72,71,75,1,24800,24950,1,43
706,118295,2019-04-01,85935065,25100,25050,25000,24950,24900,24850,24800,24750,24700,24650,99,64,30,52,58,115,81,72,71,75,1,24800,24950,1,43
707,118459,2019-04-01,85936440,25100,25050,25000,24950,24900,24850,24800,24750,24700,24650,99,64,30,52,57,115,81,72,71,75,1,24800,24950,1,43
708,118551,2019-04-01,85937065,25100,25050,25000,24950,24900,24850,24800,24750,24700,24650,99,64,30,52,57,115,81,72,71,75,1,24800,24950,1,43
709,119232,2019-04-01,85942440,25100,25050,25000,24950,24900,24850,24800,24750,24700,24650,100,64,30,52,57,115,81,72,71,75,1,24800,24950,1,43
710,119477,2019-04-01,85944815,25100,25050,25000,24950,24900,24850,24800,24750,24700,24650,100,64,29,52,57,115,81,72,71,75,1,24800,24950,1,43
711,119700,2019-04-01,85947065,25100,25050,25000,24950,24900,24850,24800,24750,24700,24650,100,64,29,52,57,115,81,72,71,75,1,24800,24950,1,43
712,119762,2019-04-01,85947940,25100,25050,25000,24950,24900,24850,24800,24750,24700,24650,100,64,29,52,57,115,81,72,71,75,1,24800,24950,1,43
